Time,Ask,Bid,AskVolume,BidVolume
01.05.2012 00:00:01.680,80.928,80.911,2.33,1.58
01.05.2012 00:00:01.991,80.933,80.914,3.83,1.58
01.05.2012 00:00:02.513,80.927,80.910,2.33,1.58
01.05.2012 00:00:03.649,80.927,80.910,2.33,1.58
01.05.2012 00:00:03.721,80.927,80.910,2.33,1.58
01.05.2012 00:00:04.112,80.930,80.912,2.33,1.58
01.05.2012 00:00:04.420,80.928,80.912,2.33,2.33
01.05.2012 00:00:04.732,80.931,80.914,1.50,1.58
01.05.2012 00:00:06.840,80.933,80.914,2.33,1.58
01.05.2012 00:00:06.910,80.934,80.917,1.50,1.58
01.05.2012 00:00:07.465,80.935,80.917,2.33,1.58
01.05.2012 00:00:09.004,80.935,80.917,2.33,3.08
01.05.2012 00:00:09.724,80.935,80.917,2.33,3.08
01.05.2012 00:00:10.760,80.937,80.919,1.50,1.58
01.05.2012 00:00:10.831,80.940,80.922,2.33,2.33
01.05.2012 00:00:10.903,80.940,80.922,2.33,2.33
01.05.2012 00:00:11.329,80.940,80.922,2.33,1.58
01.05.2012 00:00:11.640,80.938,80.920,1.58,1.50
01.05.2012 00:00:15.079,80.938,80.919,1.58,2.33
01.05.2012 00:00:15.373,80.939,80.923,2.33,1.58
01.05.2012 00:00:18.368,80.939,80.923,1.58,2.33
01.05.2012 00:00:18.501,80.943,80.925,1.58,1.58
01.05.2012 00:00:20.992,80.943,80.925,2.18,2.33
01.05.2012 00:00:21.061,80.939,80.921,1.58,2.25
01.05.2012 00:00:21.595,80.939,80.921,1.58,2.25
01.05.2012 00:00:21.661,80.939,80.921,1.58,2.25
01.05.2012 00:00:22.714,80.934,80.921,1.58,2.25
01.05.2012 00:00:23.021,80.931,80.915,1.58,1.50
01.05.2012 00:00:23.579,80.931,80.913,1.58,3.08
01.05.2012 00:00:28.339,80.931,80.913,1.73,3.08
01.05.2012 00:00:28.591,80.935,80.917,1.50,1.58
01.05.2012 00:00:28.721,80.932,80.915,1.58,1.58
01.05.2012 00:00:29.514,80.936,80.917,3.83,1.58
01.05.2012 00:00:29.831,80.932,80.915,1.58,2.33
01.05.2012 00:00:31.280,80.932,80.915,1.58,2.33
01.05.2012 00:00:31.591,80.934,80.918,2.33,1.58
01.05.2012 00:00:31.903,80.933,80.920,1.50,1.58
01.05.2012 00:00:32.091,80.928,80.912,1.58,2.33
01.05.2012 00:00:32.362,80.928,80.912,1.58,2.33
01.05.2012 00:00:34.400,80.926,80.909,1.58,1.58
01.05.2012 00:00:34.532,80.924,80.905,1.58,3.08
01.05.2012 00:00:34.719,80.924,80.905,1.58,2.33
01.05.2012 00:00:34.909,80.924,80.905,3.08,1.58
01.05.2012 00:00:36.464,80.924,80.905,2.33,2.33
01.05.2012 00:00:36.983,80.924,80.905,2.33,1.58
01.05.2012 00:00:38.674,80.924,80.905,3.08,1.58
01.05.2012 00:00:39.114,80.921,80.903,1.58,2.33
01.05.2012 00:00:39.650,80.921,80.903,2.33,2.33
01.05.2012 00:00:39.840,80.918,80.901,1.58,2.33
01.05.2012 00:00:42.741,80.915,80.899,1.58,1.58
01.05.2012 00:00:43.112,80.915,80.899,1.58,2.33
01.05.2012 00:00:43.651,80.915,80.899,1.58,2.33
01.05.2012 00:00:44.257,80.915,80.899,1.58,2.33
01.05.2012 00:00:44.991,80.915,80.899,1.58,2.33
01.05.2012 00:00:46.530,80.914,80.898,1.58,1.50
01.05.2012 00:00:47.167,80.915,80.899,1.58,1.58
01.05.2012 00:00:47.294,80.912,80.895,1.58,1.50
01.05.2012 00:00:47.428,80.912,80.894,1.58,3.83
01.05.2012 00:00:47.682,80.912,80.894,1.58,3.83
01.05.2012 00:00:48.652,80.914,80.898,1.58,1.58
01.05.2012 00:00:48.891,80.912,80.894,1.58,2.25
01.05.2012 00:00:49.475,80.912,80.894,1.58,2.25
01.05.2012 00:00:49.541,80.912,80.894,1.58,2.25
01.05.2012 00:00:50.910,80.915,80.898,2.33,1.58
01.05.2012 00:00:51.540,80.913,80.896,1.58,1.50
01.05.2012 00:00:53.401,80.913,80.895,1.58,2.33
01.05.2012 00:00:53.910,80.913,80.895,1.58,3.08
01.05.2012 00:00:54.552,80.913,80.895,1.58,3.08
01.05.2012 00:00:54.681,80.916,80.897,1.58,2.33
01.05.2012 00:00:54.871,80.918,80.901,1.58,1.58
01.05.2012 00:00:55.173,80.918,80.901,1.58,2.33
01.05.2012 00:00:56.253,80.916,80.898,1.58,3.08
01.05.2012 00:00:56.442,80.909,80.892,1.58,2.33
01.05.2012 00:00:56.813,80.907,80.889,1.58,1.50
01.05.2012 00:00:57.221,80.904,80.886,1.58,3.83
01.05.2012 00:00:57.770,80.904,80.886,2.33,2.33
01.05.2012 00:00:58.663,80.904,80.886,3.08,1.58
01.05.2012 00:01:03.752,80.904,80.886,2.33,2.33
01.05.2012 00:01:04.611,80.902,80.883,1.58,3.08
01.05.2012 00:01:05.112,80.902,80.885,3.08,1.58
01.05.2012 00:01:05.468,80.904,80.888,2.33,1.58
01.05.2012 00:01:05.547,80.905,80.887,2.33,1.58
01.05.2012 00:01:06.073,80.905,80.887,3.08,1.58
01.05.2012 00:01:13.062,80.904,80.887,1.50,1.58
01.05.2012 00:01:13.750,80.904,80.887,1.50,1.58
01.05.2012 00:01:15.701,80.905,80.887,2.33,2.33
01.05.2012 00:01:15.951,80.905,80.890,1.50,1.58
01.05.2012 00:01:16.461,80.907,80.890,1.50,1.58
01.05.2012 00:01:16.681,80.904,80.888,1.58,1.58
01.05.2012 00:01:17.223,80.904,80.888,2.18,1.58
01.05.2012 00:01:33.962,80.904,80.888,1.58,1.58
01.05.2012 00:01:38.156,80.904,80.884,2.33,1.50
01.05.2012 00:01:52.680,80.903,80.884,1.58,1.50
01.05.2012 00:01:59.702,80.900,80.884,1.58,1.50
01.05.2012 00:02:00.063,80.900,80.884,1.58,1.50
01.05.2012 00:02:00.372,80.900,80.882,1.58,1.50
01.05.2012 00:02:00.443,80.897,80.883,1.58,1.50
01.05.2012 00:02:00.632,80.900,80.883,1.58,1.50
01.05.2012 00:02:00.705,80.900,80.883,1.58,1.50
01.05.2012 00:02:00.953,80.900,80.883,1.58,1.50
01.05.2012 00:02:01.503,80.900,80.883,1.58,1.50
01.05.2012 00:02:01.572,80.897,80.883,1.58,1.50
01.05.2012 00:02:01.882,80.897,80.881,1.58,1.50
01.05.2012 00:02:04.333,80.897,80.881,1.58,3.08
01.05.2012 00:02:04.403,80.901,80.883,1.58,2.33
01.05.2012 00:02:04.594,80.903,80.887,2.33,1.58
01.05.2012 00:02:05.179,80.903,80.887,1.58,1.58
01.05.2012 00:02:08.044,80.903,80.887,2.33,1.58
01.05.2012 00:02:08.597,80.897,80.887,1.50,1.58
01.05.2012 00:02:10.429,80.897,80.887,1.50,1.58
01.05.2012 00:02:11.119,80.892,80.874,1.58,1.50
01.05.2012 00:02:11.504,80.892,80.873,2.33,2.33
01.05.2012 00:02:11.571,80.888,80.871,1.58,4.58
01.05.2012 00:02:12.081,80.888,80.871,1.58,3.83
01.05.2012 00:02:13.782,80.888,80.871,1.58,3.08
01.05.2012 00:02:14.094,80.885,80.868,1.58,2.33
01.05.2012 00:02:14.853,80.885,80.868,1.58,2.33
01.05.2012 00:02:15.745,80.889,80.870,3.08,1.58
01.05.2012 00:02:18.612,80.889,80.870,3.08,2.33
01.05.2012 00:02:19.167,80.889,80.870,1.58,2.33
01.05.2012 00:02:22.711,80.888,80.870,1.50,2.33
01.05.2012 00:02:22.902,80.884,80.868,1.58,2.33
01.05.2012 00:02:24.862,80.884,80.868,1.58,3.08
01.05.2012 00:02:27.482,80.884,80.868,1.58,3.08
01.05.2012 00:02:50.293,80.884,80.868,2.33,2.33
01.05.2012 00:02:50.841,80.882,80.864,1.58,2.33
01.05.2012 00:02:53.134,80.882,80.864,2.33,2.33
01.05.2012 00:02:53.762,80.882,80.864,1.58,3.08
01.05.2012 00:02:53.831,80.885,80.867,2.63,2.33
01.05.2012 00:02:53.983,80.885,80.867,3.38,2.33
01.05.2012 00:02:57.212,80.882,80.864,2.33,2.33
01.05.2012 00:03:01.880,80.882,80.864,2.33,2.33
01.05.2012 00:03:02.233,80.878,80.863,1.58,1.50
01.05.2012 00:03:02.422,80.878,80.862,1.58,1.58
01.05.2012 00:03:04.552,80.875,80.860,1.58,1.50
01.05.2012 00:03:04.684,80.875,80.860,1.58,1.50
01.05.2012 00:03:05.665,80.875,80.859,1.58,2.33
01.05.2012 00:03:05.734,80.872,80.858,1.58,1.50
01.05.2012 00:03:05.923,80.872,80.857,1.58,1.50
01.05.2012 00:03:06.282,80.872,80.856,1.58,2.33
01.05.2012 00:03:08.052,80.872,80.856,2.33,2.33
01.05.2012 00:03:08.431,80.872,80.856,3.08,1.58
01.05.2012 00:03:11.232,80.870,80.852,2.33,2.33
01.05.2012 00:03:11.441,80.866,80.852,1.50,1.58
01.05.2012 00:03:14.260,80.866,80.855,1.50,1.58
01.05.2012 00:03:19.602,80.866,80.853,1.50,1.58
01.05.2012 00:03:20.151,80.866,80.853,1.50,1.58
01.05.2012 00:03:23.934,80.866,80.849,3.08,1.50
01.05.2012 00:03:33.144,80.863,80.845,1.58,3.83
01.05.2012 00:03:33.691,80.864,80.848,1.50,1.58
01.05.2012 00:03:33.823,80.863,80.845,1.58,2.33
01.05.2012 00:03:33.903,80.864,80.850,1.50,1.58
01.05.2012 00:03:34.464,80.864,80.846,2.33,1.58
01.05.2012 00:03:34.531,80.864,80.846,2.33,1.58
01.05.2012 00:03:37.971,80.864,80.846,2.33,1.58
01.05.2012 00:03:39.670,80.864,80.846,2.33,1.58
01.05.2012 00:03:40.183,80.864,80.846,2.33,1.58
01.05.2012 00:03:40.810,80.863,80.846,1.50,1.58
01.05.2012 00:03:40.945,80.862,80.843,2.33,1.58
01.05.2012 00:03:41.873,80.858,80.842,2.33,1.58
01.05.2012 00:03:42.183,80.857,80.842,2.10,1.58
01.05.2012 00:03:42.431,80.856,80.838,4.43,2.33
01.05.2012 00:03:42.505,80.851,80.835,1.58,2.33
01.05.2012 00:03:42.955,80.853,80.841,1.50,1.58
01.05.2012 00:03:43.203,80.855,80.841,2.63,1.58
01.05.2012 00:03:43.826,80.855,80.841,2.63,1.58
01.05.2012 00:03:43.896,80.853,80.837,2.25,1.58
01.05.2012 00:03:44.263,80.849,80.834,1.50,1.58
01.05.2012 00:03:44.820,80.849,80.834,1.50,1.58
01.05.2012 00:03:45.373,80.848,80.832,1.58,1.58
01.05.2012 00:03:46.293,80.847,80.832,1.65,1.58
01.05.2012 00:03:46.603,80.845,80.832,2.10,1.58
01.05.2012 00:03:46.912,80.847,80.832,2.40,1.58
01.05.2012 00:03:47.446,80.847,80.831,1.05,1.58
01.05.2012 00:03:48.383,80.849,80.831,3.68,1.58
01.05.2012 00:03:50.565,80.849,80.831,2.33,1.58
01.05.2012 00:03:52.421,80.847,80.835,1.50,1.58
01.05.2012 00:03:52.938,80.847,80.835,1.50,1.58
01.05.2012 00:03:54.100,80.848,80.835,1.50,1.58
01.05.2012 00:03:55.431,80.851,80.835,1.58,2.33
01.05.2012 00:03:55.562,80.853,80.838,1.50,1.58
01.05.2012 00:03:56.422,80.853,80.840,1.50,1.58
01.05.2012 00:03:56.732,80.858,80.843,1.50,1.58
01.05.2012 00:03:56.860,80.860,80.843,1.65,1.58
01.05.2012 00:03:57.062,80.861,80.847,1.50,1.58
01.05.2012 00:03:57.914,80.861,80.847,1.50,1.58
01.05.2012 00:03:58.164,80.859,80.843,3.08,1.58
01.05.2012 00:04:03.691,80.858,80.843,2.25,1.58
01.05.2012 00:04:03.764,80.856,80.840,1.58,1.58
01.05.2012 00:04:03.832,80.858,80.842,2.25,1.58
01.05.2012 00:04:04.344,80.859,80.842,1.50,1.58
01.05.2012 00:04:04.652,80.859,80.846,1.50,1.58
01.05.2012 00:04:05.424,80.858,80.846,1.50,1.58
01.05.2012 00:04:05.553,80.858,80.842,1.50,1.58
01.05.2012 00:04:07.542,80.861,80.846,1.50,1.58
01.05.2012 00:04:08.091,80.861,80.846,1.50,1.58
01.05.2012 00:04:08.659,80.860,80.846,1.50,1.58
01.05.2012 00:04:09.318,80.859,80.846,1.50,1.58
01.05.2012 00:04:16.762,80.858,80.848,1.50,1.58
01.05.2012 00:04:17.072,80.865,80.849,1.50,1.58
01.05.2012 00:04:17.141,80.865,80.852,1.50,1.58
01.05.2012 00:04:17.670,80.866,80.852,1.50,1.58
01.05.2012 00:04:18.850,80.866,80.852,1.50,1.58
01.05.2012 00:04:20.661,80.867,80.852,1.50,1.58
01.05.2012 00:04:21.602,80.866,80.850,3.08,1.58
01.05.2012 00:04:37.370,80.866,80.850,2.33,1.58
01.05.2012 00:04:40.044,80.867,80.852,1.13,1.58
01.05.2012 00:04:41.532,80.867,80.852,1.13,1.58
01.05.2012 00:04:45.280,80.867,80.852,1.13,1.58
01.05.2012 00:04:50.201,80.867,80.852,1.13,1.58
01.05.2012 00:04:52.822,80.867,80.852,1.13,1.58
01.05.2012 00:04:53.071,80.867,80.849,2.70,2.33
01.05.2012 00:04:56.249,80.866,80.849,1.13,2.33
01.05.2012 00:05:02.712,80.866,80.853,1.13,1.58
01.05.2012 00:05:03.023,80.871,80.856,1.73,1.58
01.05.2012 00:05:03.334,80.869,80.852,1.73,1.58
01.05.2012 00:05:03.464,80.872,80.855,1.73,1.58
01.05.2012 00:05:04.271,80.872,80.855,1.73,1.58
01.05.2012 00:05:05.103,80.872,80.855,1.73,1.58
01.05.2012 00:05:05.912,80.872,80.855,1.73,1.58
01.05.2012 00:05:05.982,80.870,80.852,2.55,1.58
01.05.2012 00:05:06.558,80.870,80.852,2.55,1.58
01.05.2012 00:05:08.271,80.870,80.852,2.55,1.58
01.05.2012 00:05:08.851,80.870,80.852,2.55,1.58
01.05.2012 00:05:10.301,80.870,80.852,2.55,1.58
01.05.2012 00:05:11.054,80.870,80.852,2.55,1.58
01.05.2012 00:05:11.631,80.870,80.852,2.55,1.58
01.05.2012 00:05:12.474,80.870,80.852,2.55,1.58
01.05.2012 00:05:16.431,80.870,80.852,2.55,1.58
01.05.2012 00:05:18.549,80.870,80.852,2.55,1.58
01.05.2012 00:05:23.020,80.873,80.855,3.30,1.58
01.05.2012 00:05:23.549,80.869,80.853,2.55,1.58
01.05.2012 00:05:26.562,80.869,80.853,2.55,1.58
01.05.2012 00:05:38.630,80.869,80.853,2.55,1.58
01.05.2012 00:05:41.933,80.868,80.849,3.30,1.58
01.05.2012 00:06:02.159,80.868,80.849,3.08,2.33
01.05.2012 00:06:08.209,80.868,80.852,1.50,1.58
01.05.2012 00:06:11.619,80.868,80.852,1.50,1.58
01.05.2012 00:06:31.252,80.867,80.849,2.33,2.33
01.05.2012 00:06:33.289,80.867,80.849,3.08,2.33
01.05.2012 00:06:33.640,80.861,80.849,1.50,1.58
01.05.2012 00:07:00.380,80.861,80.847,1.50,2.33
01.05.2012 00:07:01.166,80.861,80.847,1.50,2.33
01.05.2012 00:07:12.581,80.861,80.847,1.50,1.58
01.05.2012 00:07:13.791,80.859,80.843,2.33,1.58
01.05.2012 00:07:14.341,80.857,80.839,2.33,2.33
01.05.2012 00:07:14.892,80.857,80.839,3.08,2.33
01.05.2012 00:07:15.321,80.857,80.839,3.08,1.58
01.05.2012 00:07:15.574,80.852,80.834,2.33,2.33
01.05.2012 00:07:16.129,80.852,80.834,3.83,1.58
01.05.2012 00:07:18.204,80.852,80.834,3.08,2.33
01.05.2012 00:07:18.333,80.856,80.838,3.23,1.58
01.05.2012 00:07:18.788,80.852,80.836,2.33,2.33
01.05.2012 00:07:24.242,80.854,80.840,1.50,1.58
01.05.2012 00:07:24.554,80.854,80.836,3.08,2.33
01.05.2012 00:07:24.806,80.856,80.840,1.35,1.58
01.05.2012 00:07:25.486,80.853,80.836,2.25,1.58
01.05.2012 00:07:27.014,80.850,80.833,1.50,2.33
01.05.2012 00:07:27.563,80.851,80.833,2.33,2.33
01.05.2012 00:07:27.842,80.853,80.838,1.50,1.58
01.05.2012 00:07:36.322,80.852,80.834,2.33,1.58
01.05.2012 00:07:36.756,80.846,80.830,1.58,2.33
01.05.2012 00:07:36.823,80.844,80.828,1.58,1.50
01.05.2012 00:07:36.890,80.849,80.831,3.83,1.58
01.05.2012 00:07:39.353,80.848,80.831,1.50,1.58
01.05.2012 00:07:39.952,80.848,80.831,1.50,1.58
01.05.2012 00:07:42.960,80.848,80.831,1.50,1.58
01.05.2012 00:07:43.154,80.845,80.828,2.10,1.58
01.05.2012 00:07:43.227,80.843,80.825,1.58,3.08
01.05.2012 00:07:43.601,80.845,80.828,3.60,1.58
01.05.2012 00:07:44.056,80.846,80.828,1.58,1.58
01.05.2012 00:07:44.122,80.846,80.828,1.58,2.33
01.05.2012 00:07:44.191,80.848,80.831,2.25,1.58
01.05.2012 00:07:45.344,80.848,80.831,2.25,1.58
01.05.2012 00:07:45.522,80.848,80.831,2.25,1.58
01.05.2012 00:07:46.370,80.845,80.829,2.33,1.58
01.05.2012 00:07:46.621,80.842,80.826,1.58,2.33
01.05.2012 00:07:47.377,80.842,80.826,1.58,1.58
01.05.2012 00:07:50.074,80.842,80.826,2.33,1.58
01.05.2012 00:07:50.442,80.842,80.826,1.58,1.58
01.05.2012 00:07:51.722,80.842,80.826,1.58,2.33
01.05.2012 00:07:52.244,80.842,80.826,1.58,1.58
01.05.2012 00:08:04.602,80.845,80.828,1.50,1.58
01.05.2012 00:08:05.182,80.846,80.828,3.08,1.58
01.05.2012 00:08:19.923,80.842,80.826,1.58,2.33
01.05.2012 00:08:22.735,80.845,80.829,1.58,1.58
01.05.2012 00:08:25.951,80.845,80.829,1.58,2.33
01.05.2012 00:08:26.555,80.845,80.829,1.58,1.58
01.05.2012 00:08:27.842,80.845,80.829,2.33,1.58
01.05.2012 00:08:27.972,80.840,80.822,1.58,3.08
01.05.2012 00:08:28.221,80.840,80.822,2.33,2.33
01.05.2012 00:08:28.531,80.842,80.826,2.33,1.58
01.05.2012 00:08:28.840,80.842,80.826,1.58,1.58
01.05.2012 00:08:28.911,80.842,80.826,1.58,2.33
01.05.2012 00:08:32.140,80.842,80.826,2.33,2.33
01.05.2012 00:08:32.531,80.842,80.826,3.08,2.33
01.05.2012 00:08:32.781,80.839,80.823,1.58,2.33
01.05.2012 00:08:33.796,80.839,80.823,2.33,2.33
01.05.2012 00:08:34.379,80.839,80.823,3.08,2.33
01.05.2012 00:08:34.934,80.839,80.823,2.33,2.33
01.05.2012 00:08:35.482,80.839,80.823,3.83,1.58
01.05.2012 00:08:36.123,80.839,80.823,2.33,1.58
01.05.2012 00:08:36.646,80.840,80.822,2.33,2.33
01.05.2012 00:08:37.151,80.840,80.822,2.33,2.33
01.05.2012 00:08:37.915,80.841,80.824,1.50,1.58
01.05.2012 00:08:38.104,80.842,80.824,2.25,1.58
01.05.2012 00:08:39.171,80.841,80.824,1.50,1.58
01.05.2012 00:08:39.788,80.840,80.822,3.08,2.33
01.05.2012 00:08:41.461,80.840,80.822,3.83,1.58
01.05.2012 00:08:43.041,80.837,80.819,1.58,2.33
01.05.2012 00:08:43.589,80.837,80.819,3.08,2.33
01.05.2012 00:08:43.893,80.837,80.819,3.83,2.33
01.05.2012 00:08:44.444,80.837,80.819,3.08,2.33
01.05.2012 00:08:46.003,80.837,80.819,3.08,2.33
01.05.2012 00:08:54.291,80.837,80.819,3.83,1.58
01.05.2012 00:08:54.362,80.833,80.817,1.58,2.33
01.05.2012 00:08:54.491,80.837,80.819,3.68,1.58
01.05.2012 00:08:56.271,80.833,80.817,2.33,2.33
01.05.2012 00:08:56.781,80.833,80.817,1.58,1.58
01.05.2012 00:08:57.123,80.835,80.820,1.13,1.58
01.05.2012 00:08:58.273,80.834,80.816,1.95,2.33
01.05.2012 00:08:58.832,80.836,80.819,1.88,1.58
01.05.2012 00:09:00.910,80.835,80.819,1.88,1.58
01.05.2012 00:09:01.221,80.831,80.816,2.25,1.58
01.05.2012 00:09:01.294,80.831,80.814,3.83,1.58
01.05.2012 00:09:05.942,80.831,80.814,4.58,1.58
01.05.2012 00:09:06.013,80.828,80.809,3.08,2.33
01.05.2012 00:09:06.532,80.828,80.809,3.83,2.33
01.05.2012 00:09:07.092,80.828,80.809,3.08,2.33
01.05.2012 00:09:07.761,80.824,80.807,1.58,2.33
01.05.2012 00:09:08.190,80.824,80.807,1.58,2.33
01.05.2012 00:09:09.151,80.828,80.809,3.08,2.33
01.05.2012 00:09:09.720,80.828,80.809,3.08,2.33
01.05.2012 00:09:11.923,80.828,80.809,3.08,2.33
01.05.2012 00:09:11.992,80.823,80.806,1.58,2.33
01.05.2012 00:09:12.061,80.823,80.806,2.33,3.08
01.05.2012 00:09:12.610,80.825,80.808,1.13,1.58
01.05.2012 00:09:13.551,80.827,80.808,3.08,2.33
01.05.2012 00:09:13.621,80.827,80.808,3.08,2.33
01.05.2012 00:09:13.750,80.827,80.808,2.33,2.33
01.05.2012 00:09:14.310,80.828,80.812,1.88,1.58
01.05.2012 00:09:15.923,80.829,80.812,2.70,1.58
01.05.2012 00:09:17.765,80.829,80.812,1.58,1.58
01.05.2012 00:09:18.078,80.832,80.816,3.08,1.58
01.05.2012 00:09:18.414,80.837,80.821,1.50,1.58
01.05.2012 00:09:18.489,80.837,80.821,1.50,1.58
01.05.2012 00:09:20.758,80.839,80.821,2.33,3.08
01.05.2012 00:09:20.887,80.839,80.821,1.58,2.33
01.05.2012 00:09:21.076,80.844,80.826,3.83,1.58
01.05.2012 00:09:21.386,80.841,80.826,1.50,1.58
01.05.2012 00:09:21.636,80.838,80.822,1.58,1.58
01.05.2012 00:09:21.769,80.833,80.815,1.58,3.08
01.05.2012 00:09:21.899,80.838,80.822,3.83,1.58
01.05.2012 00:09:22.449,80.837,80.822,1.50,1.58
01.05.2012 00:09:22.521,80.835,80.819,1.58,1.58
01.05.2012 00:09:22.776,80.835,80.819,2.33,1.58
01.05.2012 00:09:22.848,80.832,80.816,1.58,2.33
01.05.2012 00:09:24.778,80.833,80.819,1.50,1.58
01.05.2012 00:09:24.907,80.830,80.814,1.58,1.58
01.05.2012 00:09:24.980,80.829,80.814,1.50,1.58
01.05.2012 00:09:25.167,80.828,80.810,1.58,1.58
01.05.2012 00:09:25.358,80.831,80.815,1.13,1.58
01.05.2012 00:09:25.427,80.832,80.815,1.88,1.58
01.05.2012 00:09:25.558,80.830,80.812,1.58,1.58
01.05.2012 00:09:25.628,80.830,80.812,1.58,2.33
01.05.2012 00:09:25.759,80.832,80.816,1.95,1.58
01.05.2012 00:09:26.009,80.834,80.819,1.88,1.58
01.05.2012 00:09:26.077,80.835,80.819,2.33,1.58
01.05.2012 00:09:26.926,80.835,80.819,1.58,1.58
01.05.2012 00:09:28.147,80.833,80.815,1.58,2.33
01.05.2012 00:09:28.649,80.833,80.815,1.58,2.33
01.05.2012 00:09:29.330,80.835,80.819,2.33,1.58
01.05.2012 00:09:29.926,80.835,80.819,1.58,1.58
01.05.2012 00:09:30.937,80.833,80.815,1.58,2.33
01.05.2012 00:09:31.956,80.836,80.818,3.83,1.58
01.05.2012 00:09:36.022,80.836,80.818,3.08,1.58
01.05.2012 00:09:36.326,80.837,80.821,1.13,1.58
01.05.2012 00:09:36.828,80.837,80.821,1.13,1.58
01.05.2012 00:09:37.547,80.835,80.819,1.58,2.33
01.05.2012 00:09:38.447,80.838,80.822,3.83,1.58
01.05.2012 00:09:38.948,80.838,80.822,3.83,1.58
01.05.2012 00:09:40.117,80.838,80.824,2.25,1.58
01.05.2012 00:09:49.505,80.838,80.822,3.08,2.33
01.05.2012 00:09:50.314,80.838,80.822,3.08,2.33
01.05.2012 00:09:51.041,80.837,80.822,1.50,2.33
01.05.2012 00:09:51.288,80.830,80.819,1.50,1.58
01.05.2012 00:09:51.857,80.827,80.819,1.50,1.58
01.05.2012 00:09:52.365,80.827,80.819,1.50,1.58
01.05.2012 00:09:53.913,80.827,80.822,1.50,1.58
01.05.2012 00:09:54.766,80.837,80.822,1.50,1.58
01.05.2012 00:09:56.054,80.827,80.822,1.50,1.58
01.05.2012 00:09:56.676,80.837,80.822,1.50,1.58
01.05.2012 00:09:57.196,80.827,80.822,1.50,1.58
01.05.2012 00:09:57.267,80.827,80.820,1.50,1.58
01.05.2012 00:09:57.889,80.827,80.820,1.50,1.58
01.05.2012 00:10:00.346,80.827,80.822,1.50,1.58
01.05.2012 00:10:00.937,80.828,80.822,1.50,1.58
01.05.2012 00:10:01.463,80.836,80.822,1.50,1.58
01.05.2012 00:10:03.216,80.828,80.822,1.50,1.58
01.05.2012 00:10:03.764,80.828,80.822,1.50,1.58
01.05.2012 00:10:06.817,80.827,80.820,1.50,1.58
01.05.2012 00:10:07.597,80.826,80.820,1.50,1.58
01.05.2012 00:10:08.147,80.827,80.820,1.50,1.58
01.05.2012 00:10:08.516,80.827,80.817,1.50,1.58
01.05.2012 00:10:16.727,80.833,80.817,1.50,1.58
01.05.2012 00:10:16.856,80.833,80.817,1.50,1.58
01.05.2012 00:10:16.988,80.835,80.820,1.50,1.58
01.05.2012 00:10:17.057,80.835,80.820,1.50,1.58
01.05.2012 00:10:17.598,80.837,80.820,1.35,2.33
01.05.2012 00:10:19.297,80.837,80.820,1.35,2.33
01.05.2012 00:10:19.617,80.838,80.820,3.83,2.33
01.05.2012 00:10:20.477,80.836,80.820,1.50,1.58
01.05.2012 00:10:20.606,80.835,80.817,3.08,2.33
01.05.2012 00:10:21.118,80.833,80.817,2.25,1.58
01.05.2012 00:10:21.186,80.833,80.817,2.25,1.58
01.05.2012 00:10:31.777,80.834,80.817,2.25,1.58
01.05.2012 00:10:32.526,80.832,80.814,1.58,2.33
01.05.2012 00:10:34.335,80.832,80.814,2.33,1.58
01.05.2012 00:10:35.033,80.832,80.814,1.58,3.08
01.05.2012 00:10:36.601,80.832,80.814,1.58,2.33
01.05.2012 00:10:36.909,80.834,80.818,1.58,2.33
01.05.2012 00:10:37.217,80.837,80.821,2.33,1.58
01.05.2012 00:10:37.526,80.839,80.824,1.50,1.58
01.05.2012 00:10:45.525,80.837,80.821,2.33,2.33
01.05.2012 00:10:47.986,80.837,80.821,2.33,2.33
01.05.2012 00:10:48.772,80.837,80.821,2.33,2.33
01.05.2012 00:10:53.519,80.833,80.817,1.58,3.08
01.05.2012 00:10:53.766,80.833,80.819,1.58,1.50
01.05.2012 00:10:55.306,80.836,80.820,2.33,1.58
01.05.2012 00:11:06.737,80.836,80.820,2.33,2.33
01.05.2012 00:11:09.507,80.836,80.820,2.33,2.33
01.05.2012 00:11:13.927,80.836,80.820,2.33,2.33
01.05.2012 00:11:18.006,80.836,80.820,2.33,2.33
01.05.2012 00:11:18.140,80.833,80.818,1.58,1.50
01.05.2012 00:11:19.143,80.835,80.819,2.33,2.33
01.05.2012 00:11:31.836,80.832,80.819,1.58,1.50
01.05.2012 00:12:13.775,80.836,80.818,2.33,2.33
01.05.2012 00:12:18.330,80.836,80.818,2.33,1.58
01.05.2012 00:12:22.206,80.836,80.818,2.33,1.58
01.05.2012 00:12:30.806,80.836,80.818,2.33,1.58
01.05.2012 00:12:31.333,80.833,80.817,2.33,1.50
01.05.2012 00:12:31.867,80.833,80.815,2.33,2.33
01.05.2012 00:12:31.998,80.829,80.813,1.58,2.33
01.05.2012 00:12:32.126,80.829,80.813,1.58,3.08
01.05.2012 00:12:43.676,80.833,80.815,2.33,2.33
01.05.2012 00:12:44.035,80.833,80.816,2.33,1.50
01.05.2012 00:13:10.304,80.833,80.815,1.58,3.08
01.05.2012 00:13:41.846,80.836,80.818,2.33,1.58
01.05.2012 00:13:42.554,80.832,80.816,1.58,2.33
01.05.2012 00:13:45.275,80.836,80.818,2.33,1.58
01.05.2012 00:13:46.146,80.832,80.816,2.33,2.33
01.05.2012 00:14:07.065,80.832,80.816,2.33,2.33
01.05.2012 00:14:12.236,80.832,80.816,2.33,2.33
01.05.2012 00:14:12.802,80.835,80.819,2.33,1.58
01.05.2012 00:14:33.377,80.839,80.829,1.50,1.58
01.05.2012 00:14:33.451,80.842,80.829,2.25,1.58
01.05.2012 00:14:33.587,80.842,80.824,3.08,2.33
01.05.2012 00:14:34.124,80.842,80.824,2.33,2.33
01.05.2012 00:14:35.616,80.842,80.824,3.08,2.33
01.05.2012 00:14:35.688,80.838,80.822,1.58,2.33
01.05.2012 00:14:41.716,80.838,80.822,1.58,2.33
01.05.2012 00:14:49.807,80.841,80.825,2.33,2.33
01.05.2012 00:14:59.647,80.838,80.822,1.58,2.33
01.05.2012 00:15:00.151,80.838,80.822,1.58,2.33
01.05.2012 00:15:00.516,80.842,80.823,2.33,2.33
01.05.2012 00:15:00.769,80.842,80.823,1.58,2.33
01.05.2012 00:15:01.317,80.843,80.827,1.58,2.33
01.05.2012 00:15:04.275,80.840,80.825,1.58,1.50
01.05.2012 00:15:04.406,80.842,80.826,1.58,2.33
01.05.2012 00:15:20.535,80.846,80.827,1.58,2.33
01.05.2012 00:15:23.025,80.842,80.826,1.58,2.33
01.05.2012 00:15:26.485,80.845,80.828,1.58,1.58
01.05.2012 00:15:36.666,80.842,80.826,1.58,2.33
01.05.2012 00:15:37.099,80.842,80.826,1.58,2.33
01.05.2012 00:15:37.799,80.841,80.824,1.58,1.50
01.05.2012 00:15:38.555,80.841,80.823,1.58,1.50
01.05.2012 00:15:39.306,80.841,80.823,1.58,1.50
01.05.2012 00:15:39.377,80.843,80.829,1.50,1.58
01.05.2012 00:15:39.626,80.842,80.823,1.58,3.08
01.05.2012 00:15:39.757,80.842,80.824,1.58,1.50
01.05.2012 00:15:39.828,80.842,80.824,1.58,1.50
01.05.2012 00:15:40.077,80.838,80.824,1.58,1.50
01.05.2012 00:15:40.207,80.840,80.824,1.58,3.08
01.05.2012 00:15:40.576,80.840,80.825,1.58,1.50
01.05.2012 00:15:41.087,80.840,80.824,1.58,3.08
01.05.2012 00:15:41.157,80.840,80.824,1.58,3.08
01.05.2012 00:15:43.406,80.840,80.825,1.58,1.50
01.05.2012 00:15:43.958,80.843,80.827,1.58,2.33
01.05.2012 00:15:44.168,80.841,80.825,1.58,1.50
01.05.2012 00:15:44.537,80.841,80.824,1.58,2.33
01.05.2012 00:15:46.296,80.839,80.823,1.58,1.50
01.05.2012 00:15:49.631,80.835,80.822,1.58,1.50
01.05.2012 00:15:50.587,80.838,80.821,1.58,1.50
01.05.2012 00:15:51.778,80.834,80.821,1.58,1.50
01.05.2012 00:15:52.269,80.834,80.824,1.58,1.50
01.05.2012 00:15:52.336,80.834,80.819,1.58,1.50
01.05.2012 00:15:52.407,80.843,80.824,2.33,3.08
01.05.2012 00:15:52.659,80.840,80.822,1.58,3.08
01.05.2012 00:15:52.977,80.836,80.822,1.58,1.50
01.05.2012 00:15:53.048,80.836,80.820,1.58,3.08
01.05.2012 00:15:53.297,80.836,80.820,1.58,2.33
01.05.2012 00:15:54.037,80.836,80.820,1.58,2.33
01.05.2012 00:15:54.899,80.839,80.823,1.58,1.58
01.05.2012 00:16:03.012,80.837,80.821,1.58,1.50
01.05.2012 00:16:07.839,80.837,80.824,1.58,1.50
01.05.2012 00:16:07.908,80.843,80.825,1.58,1.58
01.05.2012 00:16:08.098,80.843,80.828,1.58,1.50
01.05.2012 00:16:08.167,80.846,80.828,1.58,3.08
01.05.2012 00:16:11.175,80.846,80.828,1.58,2.33
01.05.2012 00:16:12.276,80.846,80.828,1.58,2.33
01.05.2012 00:16:12.587,80.843,80.828,1.58,1.50
01.05.2012 00:16:15.007,80.845,80.829,1.58,2.33
01.05.2012 00:16:15.558,80.844,80.827,2.33,1.50
01.05.2012 00:16:18.777,80.846,80.830,1.58,1.58
01.05.2012 00:16:19.748,80.844,80.828,1.58,1.50
01.05.2012 00:16:23.907,80.844,80.826,2.33,3.08
01.05.2012 00:16:24.438,80.844,80.826,2.33,1.58
01.05.2012 00:16:39.729,80.843,80.826,1.50,1.58
01.05.2012 00:16:40.177,80.842,80.823,2.33,2.33
01.05.2012 00:16:40.667,80.843,80.827,2.33,1.58
01.05.2012 00:16:43.090,80.846,80.828,1.50,1.58
01.05.2012 00:16:43.156,80.846,80.828,1.50,1.58
01.05.2012 00:16:48.128,80.846,80.828,2.25,1.58
01.05.2012 00:16:49.678,80.843,80.828,1.58,1.50
01.05.2012 00:16:56.479,80.843,80.828,1.58,2.25
01.05.2012 00:16:56.857,80.851,80.832,3.08,1.58
01.05.2012 00:16:56.928,80.847,80.831,1.58,1.58
01.05.2012 00:17:14.058,80.845,80.829,1.58,1.50
01.05.2012 00:17:14.719,80.845,80.829,1.58,1.50
01.05.2012 00:17:20.737,80.845,80.827,1.58,3.08
01.05.2012 00:17:22.989,80.842,80.826,1.58,1.50
01.05.2012 00:17:23.297,80.842,80.825,2.33,1.58
01.05.2012 00:17:26.166,80.840,80.824,1.58,1.50
01.05.2012 00:17:28.694,80.840,80.823,1.58,1.50
01.05.2012 00:17:50.127,80.840,80.823,1.58,1.50
01.05.2012 00:17:54.017,80.840,80.822,2.33,3.83
01.05.2012 00:17:54.206,80.842,80.825,1.58,2.33
01.05.2012 00:17:55.305,80.839,80.823,1.58,2.25
01.05.2012 00:17:56.527,80.839,80.823,1.58,1.50
01.05.2012 00:17:57.058,80.839,80.823,1.58,1.50
01.05.2012 00:17:59.816,80.839,80.822,1.58,3.08
01.05.2012 00:18:00.146,80.837,80.822,1.58,1.50
01.05.2012 00:18:01.846,80.837,80.821,1.58,1.50
01.05.2012 00:18:02.727,80.837,80.821,1.58,2.25
01.05.2012 00:18:02.797,80.842,80.825,2.33,2.33
01.05.2012 00:18:02.989,80.838,80.823,1.58,1.50
01.05.2012 00:18:03.118,80.841,80.824,1.58,1.58
01.05.2012 00:18:03.569,80.839,80.822,1.58,1.50
01.05.2012 00:18:05.488,80.841,80.823,1.58,1.58
01.05.2012 00:18:08.569,80.841,80.823,1.58,2.33
01.05.2012 00:18:08.889,80.843,80.827,1.58,1.50
01.05.2012 00:18:13.457,80.843,80.827,1.58,2.25
01.05.2012 00:18:18.018,80.843,80.827,1.58,1.50
01.05.2012 00:18:27.577,80.845,80.829,1.58,2.33
01.05.2012 00:18:28.007,80.849,80.830,3.08,2.33
01.05.2012 00:18:32.627,80.849,80.831,1.58,2.25
01.05.2012 00:18:32.987,80.852,80.836,2.33,1.58
01.05.2012 00:18:33.236,80.851,80.832,1.58,3.08
01.05.2012 00:18:33.825,80.851,80.832,1.58,3.08
01.05.2012 00:18:36.277,80.851,80.832,1.58,3.08
01.05.2012 00:18:37.357,80.851,80.832,1.58,3.08
01.05.2012 00:18:37.918,80.851,80.832,1.58,3.08
01.05.2012 00:18:40.416,80.851,80.833,1.58,1.50
01.05.2012 00:18:42.192,80.851,80.832,2.33,2.33
01.05.2012 00:18:42.597,80.848,80.831,1.58,1.50
01.05.2012 00:18:44.468,80.848,80.829,3.08,3.08
01.05.2012 00:18:44.538,80.844,80.829,1.58,1.50
01.05.2012 00:18:44.846,80.842,80.829,1.58,1.50
01.05.2012 00:18:45.499,80.845,80.828,1.58,1.50
01.05.2012 00:18:46.007,80.845,80.829,1.58,1.50
01.05.2012 00:18:50.756,80.842,80.826,1.58,2.25
01.05.2012 00:18:51.247,80.845,80.828,1.58,2.33
01.05.2012 00:18:51.750,80.845,80.828,1.58,1.58
01.05.2012 00:18:57.866,80.842,80.826,1.58,1.50
01.05.2012 00:19:06.780,80.842,80.824,1.58,2.33
01.05.2012 00:19:08.456,80.842,80.824,2.33,2.33
01.05.2012 00:19:09.456,80.843,80.827,1.50,1.58
01.05.2012 00:19:12.406,80.841,80.825,1.58,1.58
01.05.2012 00:19:27.027,80.841,80.825,2.33,1.58
01.05.2012 00:19:33.637,80.841,80.825,2.33,1.58
01.05.2012 00:19:35.747,80.841,80.825,1.58,2.33
01.05.2012 00:19:35.997,80.841,80.825,1.58,2.33
01.05.2012 00:19:46.887,80.841,80.825,1.58,3.08
01.05.2012 00:19:46.957,80.841,80.826,1.58,1.50
01.05.2012 00:19:50.596,80.841,80.828,1.58,1.50
01.05.2012 00:19:50.847,80.841,80.828,1.58,1.50
01.05.2012 00:19:52.856,80.845,80.828,1.58,1.50
01.05.2012 00:19:56.607,80.845,80.828,1.58,1.50
01.05.2012 00:20:03.166,80.848,80.829,2.33,2.33
01.05.2012 00:20:18.496,80.848,80.829,3.83,2.33
01.05.2012 00:20:20.888,80.847,80.829,1.50,2.33
01.05.2012 00:20:23.097,80.848,80.829,3.08,3.08
01.05.2012 00:20:23.604,80.848,80.830,2.33,1.50
01.05.2012 00:20:24.556,80.848,80.830,2.33,1.50
01.05.2012 00:20:26.603,80.848,80.830,2.33,1.50
01.05.2012 00:20:35.938,80.848,80.829,2.33,2.33
01.05.2012 00:20:43.336,80.844,80.828,1.58,3.08
01.05.2012 00:20:49.557,80.847,80.831,1.58,2.33
01.05.2012 00:20:49.752,80.850,80.834,2.33,2.33
01.05.2012 00:20:49.817,80.850,80.834,1.58,2.33
01.05.2012 00:20:50.327,80.850,80.834,1.58,3.08
01.05.2012 00:20:50.571,80.850,80.834,1.58,3.08
01.05.2012 00:20:50.878,80.848,80.834,1.58,1.50
01.05.2012 00:20:53.118,80.848,80.834,1.58,1.50
01.05.2012 00:20:55.046,80.851,80.834,1.58,1.50
01.05.2012 00:20:55.420,80.853,80.837,1.58,2.33
01.05.2012 00:20:56.298,80.853,80.838,1.58,1.50
01.05.2012 00:20:56.550,80.857,80.841,1.58,1.50
01.05.2012 00:20:56.860,80.857,80.842,1.58,1.50
01.05.2012 00:20:56.930,80.861,80.843,2.33,2.33
01.05.2012 00:20:57.002,80.861,80.843,1.58,2.33
01.05.2012 00:20:57.070,80.857,80.843,1.58,1.50
01.05.2012 00:20:57.666,80.857,80.842,1.58,1.50
01.05.2012 00:20:58.567,80.857,80.844,1.58,1.50
01.05.2012 00:20:58.698,80.861,80.845,1.58,1.50
01.05.2012 00:20:58.767,80.861,80.846,1.58,1.50
01.05.2012 00:21:02.266,80.861,80.846,1.58,1.50
01.05.2012 00:21:14.150,80.861,80.844,1.58,2.25
01.05.2012 00:21:14.281,80.861,80.848,1.58,1.50
01.05.2012 00:21:18.485,80.861,80.846,1.58,1.50
01.05.2012 00:21:19.025,80.861,80.845,1.58,2.25
01.05.2012 00:21:20.652,80.861,80.848,1.58,1.50
01.05.2012 00:21:20.957,80.863,80.848,1.58,2.25
01.05.2012 00:21:29.017,80.863,80.847,1.58,3.83
01.05.2012 00:21:29.208,80.867,80.849,2.33,1.58
01.05.2012 00:21:29.578,80.867,80.850,1.58,2.25
01.05.2012 00:21:33.580,80.867,80.850,1.58,1.50
01.05.2012 00:21:34.137,80.867,80.850,1.58,1.50
01.05.2012 00:21:34.517,80.867,80.850,1.58,1.50
01.05.2012 00:21:34.587,80.869,80.853,1.58,2.33
01.05.2012 00:21:35.540,80.869,80.854,1.58,2.25
01.05.2012 00:21:36.204,80.869,80.855,1.58,1.50
01.05.2012 00:21:38.558,80.869,80.854,1.58,1.50
01.05.2012 00:21:39.107,80.869,80.854,1.58,1.50
01.05.2012 00:21:40.907,80.869,80.854,1.58,1.50
01.05.2012 00:21:41.420,80.875,80.857,1.58,3.08
01.05.2012 00:21:42.890,80.875,80.857,2.33,1.58
01.05.2012 00:21:43.440,80.875,80.857,2.33,2.33
01.05.2012 00:21:43.758,80.872,80.857,1.58,2.25
01.05.2012 00:21:43.832,80.876,80.858,2.33,2.33
01.05.2012 00:21:43.902,80.876,80.859,1.58,1.50
01.05.2012 00:21:45.858,80.876,80.858,1.58,3.08
01.05.2012 00:21:46.168,80.872,80.858,1.58,1.50
01.05.2012 00:21:47.898,80.872,80.857,1.58,1.50
01.05.2012 00:21:48.029,80.869,80.855,1.58,1.50
01.05.2012 00:21:49.608,80.869,80.858,1.58,3.00
01.05.2012 00:21:49.739,80.872,80.858,1.58,3.00
01.05.2012 00:21:50.701,80.872,80.859,1.58,1.50
01.05.2012 00:21:50.888,80.877,80.859,1.58,1.50
01.05.2012 00:21:51.390,80.877,80.860,1.58,1.50
01.05.2012 00:21:53.633,80.877,80.861,1.58,2.25
01.05.2012 00:21:53.761,80.880,80.861,1.58,3.08
01.05.2012 00:21:54.248,80.877,80.862,1.58,1.50
01.05.2012 00:21:56.978,80.877,80.862,1.58,2.10
01.05.2012 00:21:57.116,80.885,80.866,3.83,2.33
01.05.2012 00:21:57.188,80.880,80.862,1.58,2.25
01.05.2012 00:21:57.267,80.880,80.864,1.58,1.50
01.05.2012 00:21:57.343,80.880,80.862,1.58,1.50
01.05.2012 00:21:57.412,80.880,80.862,1.58,1.50
01.05.2012 00:21:59.900,80.882,80.864,1.58,3.08
01.05.2012 00:22:00.461,80.882,80.866,1.58,1.50
01.05.2012 00:22:01.499,80.879,80.863,1.58,1.50
01.05.2012 00:22:01.638,80.881,80.865,1.58,2.33
01.05.2012 00:22:05.328,80.884,80.868,1.58,1.58
01.05.2012 00:22:05.460,80.887,80.872,1.50,1.58
01.05.2012 00:22:05.725,80.889,80.872,1.58,2.33
01.05.2012 00:22:05.801,80.891,80.872,2.33,3.08
01.05.2012 00:22:06.778,80.893,80.875,2.33,2.33
01.05.2012 00:22:06.971,80.896,80.878,3.83,2.33
01.05.2012 00:22:07.344,80.896,80.878,2.33,1.58
01.05.2012 00:22:07.886,80.896,80.878,2.33,1.58
01.05.2012 00:22:09.187,80.896,80.878,2.33,2.33
01.05.2012 00:22:14.817,80.890,80.874,1.58,3.08
01.05.2012 00:22:14.947,80.895,80.879,1.58,1.58
01.05.2012 00:22:18.227,80.895,80.879,2.33,1.58
01.05.2012 00:22:18.360,80.891,80.875,1.58,1.58
01.05.2012 00:22:24.016,80.888,80.872,1.58,1.58
01.05.2012 00:22:24.211,80.892,80.874,2.33,1.58
01.05.2012 00:22:24.740,80.892,80.874,1.58,1.58
01.05.2012 00:22:26.210,80.892,80.874,1.58,2.33
01.05.2012 00:22:26.749,80.892,80.874,1.58,2.33
01.05.2012 00:22:31.497,80.892,80.874,1.58,2.33
01.05.2012 00:22:34.838,80.892,80.874,2.33,2.33
01.05.2012 00:22:36.187,80.890,80.871,1.58,2.33
01.05.2012 00:22:36.769,80.890,80.871,1.58,2.33
01.05.2012 00:22:43.890,80.892,80.874,3.08,1.58
01.05.2012 00:22:49.346,80.892,80.874,3.08,1.58
01.05.2012 00:22:49.607,80.889,80.871,1.58,1.58
01.05.2012 00:22:52.749,80.889,80.873,1.58,1.50
01.05.2012 00:22:53.201,80.889,80.871,1.58,1.58
01.05.2012 00:22:53.748,80.889,80.871,2.33,1.58
01.05.2012 00:23:00.366,80.889,80.871,2.33,2.33
01.05.2012 00:23:01.148,80.892,80.874,3.08,1.58
01.05.2012 00:23:01.530,80.892,80.874,2.33,2.33
01.05.2012 00:23:01.779,80.892,80.874,2.33,1.58
01.05.2012 00:23:02.279,80.889,80.871,2.33,2.33
01.05.2012 00:23:05.219,80.889,80.871,2.33,1.58
01.05.2012 00:23:06.167,80.888,80.871,1.50,1.58
01.05.2012 00:23:07.606,80.889,80.871,3.83,1.58
01.05.2012 00:23:08.219,80.889,80.871,3.08,1.58
01.05.2012 00:23:16.318,80.889,80.871,3.08,2.33
01.05.2012 00:23:17.628,80.889,80.871,2.33,3.08
01.05.2012 00:23:17.701,80.892,80.874,2.33,1.58
01.05.2012 00:23:18.247,80.892,80.874,3.08,1.58
01.05.2012 00:23:20.437,80.889,80.871,1.58,2.33
01.05.2012 00:23:36.688,80.889,80.871,1.58,2.33
01.05.2012 00:23:39.796,80.889,80.871,2.33,1.58
01.05.2012 00:23:44.318,80.889,80.871,2.33,2.33
01.05.2012 00:23:44.569,80.889,80.873,2.33,1.50
01.05.2012 00:23:44.640,80.891,80.875,1.58,1.58
01.05.2012 00:23:45.167,80.891,80.875,1.58,2.33
01.05.2012 00:23:46.358,80.891,80.875,1.58,1.58
01.05.2012 00:23:47.746,80.889,80.871,1.58,3.08
01.05.2012 00:23:50.567,80.889,80.871,3.08,1.58
01.05.2012 00:23:52.298,80.889,80.871,2.33,2.33
01.05.2012 00:24:03.997,80.889,80.871,2.33,1.58
01.05.2012 00:24:06.277,80.885,80.869,1.58,3.08
01.05.2012 00:24:07.667,80.885,80.869,1.58,3.08
01.05.2012 00:24:08.139,80.888,80.872,2.33,1.58
01.05.2012 00:24:08.755,80.888,80.872,1.58,1.58
01.05.2012 00:24:17.577,80.888,80.872,2.33,1.58
01.05.2012 00:24:20.127,80.888,80.872,1.58,1.58
01.05.2012 00:24:57.539,80.888,80.872,2.33,1.58
01.05.2012 00:24:58.026,80.885,80.869,1.58,2.33
01.05.2012 00:25:03.705,80.885,80.869,2.33,1.58
01.05.2012 00:25:04.005,80.885,80.869,2.33,3.83
01.05.2012 00:25:06.008,80.889,80.872,1.50,1.58
01.05.2012 00:25:06.077,80.889,80.872,1.50,1.58
01.05.2012 00:25:06.388,80.889,80.872,1.50,1.58
01.05.2012 00:25:06.457,80.889,80.872,1.50,1.58
01.05.2012 00:25:07.214,80.887,80.871,2.33,1.50
01.05.2012 00:25:09.106,80.887,80.870,1.58,1.50
01.05.2012 00:25:09.636,80.887,80.871,2.33,2.33
01.05.2012 00:25:10.967,80.885,80.869,1.58,1.50
01.05.2012 00:25:11.037,80.885,80.869,1.58,1.50
01.05.2012 00:25:11.329,80.885,80.869,1.58,1.50
01.05.2012 00:25:11.461,80.885,80.869,1.58,1.50
01.05.2012 00:25:11.648,80.888,80.872,2.33,1.58
01.05.2012 00:25:12.197,80.888,80.872,2.33,2.33
01.05.2012 00:25:12.810,80.888,80.872,2.33,2.33
01.05.2012 00:25:13.119,80.893,80.877,1.50,2.33
01.05.2012 00:25:13.367,80.894,80.877,2.33,3.08
01.05.2012 00:25:13.870,80.897,80.880,3.08,1.58
01.05.2012 00:25:14.619,80.894,80.877,2.33,3.08
01.05.2012 00:25:15.393,80.894,80.879,1.58,1.50
01.05.2012 00:25:15.519,80.900,80.884,2.33,1.58
01.05.2012 00:25:16.981,80.903,80.887,2.33,2.33
01.05.2012 00:25:17.109,80.900,80.887,1.50,2.33
01.05.2012 00:25:17.359,80.900,80.887,1.50,2.33
01.05.2012 00:25:17.488,80.891,80.882,1.58,1.50
01.05.2012 00:25:17.561,80.891,80.884,1.58,1.50
01.05.2012 00:25:17.630,80.896,80.879,2.10,1.58
01.05.2012 00:25:17.759,80.890,80.874,2.33,1.58
01.05.2012 00:25:17.949,80.890,80.874,2.33,1.58
01.05.2012 00:25:18.019,80.887,80.870,2.33,1.50
01.05.2012 00:25:18.507,80.884,80.869,1.58,1.50
01.05.2012 00:25:20.178,80.884,80.867,2.33,1.50
01.05.2012 00:25:20.369,80.884,80.867,2.33,1.50
01.05.2012 00:25:20.928,80.884,80.869,1.58,1.50
01.05.2012 00:25:22.095,80.884,80.869,1.58,1.50
01.05.2012 00:25:22.910,80.887,80.870,2.33,1.50
01.05.2012 00:25:23.470,80.887,80.869,2.33,3.08
01.05.2012 00:25:25.168,80.887,80.871,2.33,1.50
01.05.2012 00:25:27.011,80.887,80.870,2.33,1.50
01.05.2012 00:25:27.437,80.883,80.867,2.33,2.33
01.05.2012 00:25:28.412,80.887,80.869,2.33,1.58
01.05.2012 00:25:28.809,80.884,80.866,2.33,3.08
01.05.2012 00:25:29.000,80.886,80.870,1.50,1.50
01.05.2012 00:25:29.129,80.886,80.869,1.50,3.08
01.05.2012 00:25:29.637,80.887,80.869,2.33,2.33
01.05.2012 00:25:39.377,80.883,80.868,1.58,1.50
01.05.2012 00:25:44.318,80.883,80.867,1.58,2.33
01.05.2012 00:25:44.630,80.881,80.863,2.33,1.50
01.05.2012 00:25:44.940,80.877,80.862,1.58,1.50
01.05.2012 00:25:47.507,80.874,80.861,1.58,1.50
01.05.2012 00:25:49.015,80.877,80.861,2.33,3.08
01.05.2012 00:25:51.348,80.877,80.861,2.33,2.33
01.05.2012 00:25:51.480,80.877,80.861,2.33,2.33
01.05.2012 00:25:51.668,80.872,80.855,2.33,1.50
01.05.2012 00:25:51.978,80.869,80.856,1.58,1.50
01.05.2012 00:25:52.576,80.869,80.856,1.58,1.50
01.05.2012 00:25:54.839,80.869,80.854,1.58,1.50
01.05.2012 00:25:55.279,80.869,80.851,2.33,3.08
01.05.2012 00:25:58.018,80.865,80.851,1.58,1.50
01.05.2012 00:25:58.568,80.865,80.849,1.58,2.33
01.05.2012 00:25:59.126,80.865,80.849,2.33,2.33
01.05.2012 00:26:02.666,80.864,80.847,2.33,1.50
01.05.2012 00:26:03.125,80.864,80.847,2.33,1.50
01.05.2012 00:26:14.669,80.864,80.847,2.33,1.50
01.05.2012 00:26:14.797,80.864,80.845,2.33,2.33
01.05.2012 00:26:15.116,80.864,80.845,2.33,2.33
01.05.2012 00:26:17.680,80.864,80.845,2.33,2.33
01.05.2012 00:26:17.749,80.864,80.845,2.33,2.33
01.05.2012 00:26:18.325,80.864,80.845,2.33,2.33
01.05.2012 00:26:19.738,80.864,80.845,2.33,2.33
01.05.2012 00:26:23.129,80.863,80.845,2.33,2.33
01.05.2012 00:26:23.656,80.863,80.845,2.33,2.33
01.05.2012 00:26:25.568,80.863,80.845,2.33,2.33
01.05.2012 00:26:26.107,80.863,80.845,1.58,2.33
01.05.2012 00:26:26.840,80.863,80.845,2.33,2.33
01.05.2012 00:26:27.478,80.865,80.848,2.33,2.33
01.05.2012 00:26:29.939,80.865,80.848,2.33,2.33
01.05.2012 00:26:30.452,80.868,80.851,1.58,2.33
01.05.2012 00:26:30.522,80.866,80.848,2.33,2.33
01.05.2012 00:26:30.769,80.866,80.848,1.58,2.33
01.05.2012 00:26:30.899,80.866,80.848,1.58,2.33
01.05.2012 00:26:32.034,80.863,80.845,1.58,3.08
01.05.2012 00:26:33.699,80.866,80.850,2.33,1.50
01.05.2012 00:26:33.827,80.869,80.851,3.08,1.58
01.05.2012 00:26:34.018,80.865,80.850,1.58,1.50
01.05.2012 00:26:34.268,80.865,80.849,1.58,2.33
01.05.2012 00:26:36.772,80.868,80.852,2.33,1.58
01.05.2012 00:26:37.312,80.868,80.852,1.58,2.33
01.05.2012 00:26:37.770,80.864,80.850,1.58,1.50
01.05.2012 00:26:37.903,80.864,80.848,1.58,2.33
01.05.2012 00:26:38.407,80.864,80.848,1.58,2.33
01.05.2012 00:26:43.148,80.864,80.848,1.58,2.33
01.05.2012 00:26:56.432,80.862,80.848,1.58,1.50
01.05.2012 00:26:56.620,80.862,80.844,1.58,3.08
01.05.2012 00:26:56.999,80.857,80.845,1.58,1.50
01.05.2012 00:26:57.069,80.861,80.845,1.58,1.50
01.05.2012 00:26:57.629,80.861,80.845,1.58,1.50
01.05.2012 00:27:11.029,80.861,80.849,1.58,1.50
01.05.2012 00:27:11.099,80.865,80.849,2.33,3.08
01.05.2012 00:27:11.524,80.862,80.849,1.58,1.50
01.05.2012 00:27:11.591,80.866,80.849,1.58,1.50
01.05.2012 00:27:13.977,80.866,80.849,1.58,1.50
01.05.2012 00:27:30.138,80.863,80.849,1.58,1.50
01.05.2012 00:27:30.387,80.863,80.846,1.58,2.33
01.05.2012 00:27:30.457,80.863,80.846,1.58,2.33
01.05.2012 00:27:30.528,80.866,80.848,2.33,1.58
01.05.2012 00:27:30.911,80.863,80.847,1.58,1.50
01.05.2012 00:27:35.069,80.863,80.846,1.58,2.33
01.05.2012 00:27:35.138,80.860,80.844,1.58,2.33
01.05.2012 00:27:35.449,80.863,80.847,1.58,1.58
01.05.2012 00:27:41.830,80.861,80.844,1.58,1.50
01.05.2012 00:27:42.048,80.861,80.844,1.58,1.50
01.05.2012 00:27:44.989,80.861,80.844,1.58,1.50
01.05.2012 00:27:45.491,80.858,80.842,1.58,1.50
01.05.2012 00:27:55.469,80.855,80.842,1.58,1.50
01.05.2012 00:27:55.597,80.855,80.842,1.58,1.50
01.05.2012 00:28:03.571,80.855,80.840,1.58,1.50
01.05.2012 00:28:28.328,80.851,80.840,1.58,1.50
01.05.2012 00:28:28.888,80.851,80.839,1.58,1.50
01.05.2012 00:28:30.177,80.851,80.839,1.58,1.50
01.05.2012 00:28:30.527,80.854,80.839,1.58,1.50
01.05.2012 00:28:31.072,80.851,80.837,1.58,1.50
01.05.2012 00:28:31.259,80.851,80.837,1.58,1.50
01.05.2012 00:28:31.688,80.849,80.834,1.58,1.50
01.05.2012 00:28:32.539,80.849,80.834,1.58,1.50
01.05.2012 00:28:37.617,80.849,80.835,1.58,1.50
01.05.2012 00:28:39.608,80.851,80.835,1.58,3.08
01.05.2012 00:28:39.977,80.851,80.835,1.58,3.08
01.05.2012 00:28:40.588,80.851,80.835,1.58,3.08
01.05.2012 00:28:40.718,80.855,80.839,1.58,1.50
01.05.2012 00:28:56.188,80.855,80.837,2.33,2.33
01.05.2012 00:28:56.710,80.855,80.837,2.33,2.33
01.05.2012 00:28:58.339,80.855,80.837,2.33,2.33
01.05.2012 00:28:58.848,80.855,80.837,2.33,2.33
01.05.2012 00:29:04.277,80.855,80.837,2.33,2.33
01.05.2012 00:29:10.037,80.855,80.837,2.33,2.33
01.05.2012 00:29:18.897,80.855,80.837,1.58,2.33
01.05.2012 00:29:18.968,80.855,80.837,2.33,2.33
01.05.2012 00:29:19.279,80.851,80.835,2.33,2.33
01.05.2012 00:29:20.034,80.851,80.835,1.58,2.33
01.05.2012 00:29:20.439,80.855,80.837,2.33,1.58
01.05.2012 00:29:23.537,80.853,80.834,2.33,2.33
01.05.2012 00:29:23.668,80.853,80.834,1.58,2.33
01.05.2012 00:29:23.978,80.850,80.832,1.58,3.08
01.05.2012 00:29:24.047,80.852,80.835,1.58,1.58
01.05.2012 00:29:31.747,80.852,80.835,3.08,1.58
01.05.2012 00:29:32.221,80.848,80.832,1.58,2.33
01.05.2012 00:29:32.749,80.851,80.835,3.08,1.58
01.05.2012 00:29:33.357,80.851,80.835,1.58,2.33
01.05.2012 00:29:51.083,80.851,80.835,1.58,3.08
01.05.2012 00:29:55.918,80.855,80.836,3.08,1.58
01.05.2012 00:29:56.058,80.851,80.835,1.58,3.08
01.05.2012 00:30:11.627,80.853,80.836,2.25,1.58
01.05.2012 00:30:11.937,80.851,80.835,1.58,3.08
01.05.2012 00:30:12.510,80.851,80.835,1.58,3.08
01.05.2012 00:30:12.579,80.855,80.836,2.33,3.08
01.05.2012 00:30:27.138,80.857,80.840,2.33,2.33
01.05.2012 00:30:27.687,80.857,80.840,2.33,2.33
01.05.2012 00:30:28.337,80.857,80.840,2.33,2.33
01.05.2012 00:30:28.965,80.857,80.840,2.33,2.33
01.05.2012 00:30:29.868,80.857,80.840,2.33,2.33
01.05.2012 00:30:30.507,80.855,80.837,1.58,2.33
01.05.2012 00:30:32.719,80.855,80.837,1.58,2.33
01.05.2012 00:30:33.340,80.855,80.837,1.58,2.33
01.05.2012 00:30:34.758,80.855,80.837,1.58,2.33
01.05.2012 00:30:34.979,80.855,80.837,1.58,2.33
01.05.2012 00:30:36.498,80.855,80.837,2.33,2.33
01.05.2012 00:30:36.672,80.855,80.837,1.58,2.33
01.05.2012 00:30:45.177,80.855,80.837,2.33,2.33
01.05.2012 00:30:46.901,80.855,80.837,1.58,2.33
01.05.2012 00:30:49.099,80.855,80.837,1.58,2.33
01.05.2012 00:30:49.166,80.855,80.837,1.58,2.33
01.05.2012 00:31:01.229,80.855,80.837,2.33,2.33
01.05.2012 00:31:02.031,80.855,80.837,3.08,2.33
01.05.2012 00:31:04.729,80.855,80.837,2.33,2.33
01.05.2012 00:31:08.110,80.855,80.837,2.33,2.33
01.05.2012 00:31:33.716,80.858,80.838,2.25,1.50
01.05.2012 00:31:33.785,80.858,80.838,1.50,1.50
01.05.2012 00:31:38.567,80.858,80.839,3.08,2.33
01.05.2012 00:31:38.815,80.855,80.837,2.33,2.33
01.05.2012 00:31:39.281,80.855,80.841,2.33,1.50
01.05.2012 00:31:39.411,80.855,80.842,1.58,1.50
01.05.2012 00:31:39.541,80.855,80.842,1.58,2.25
01.05.2012 00:31:39.732,80.861,80.843,1.58,3.08
01.05.2012 00:32:08.308,80.861,80.843,1.58,2.33
01.05.2012 00:32:10.652,80.861,80.843,1.58,2.33
01.05.2012 00:32:10.877,80.861,80.843,1.58,2.33
01.05.2012 00:32:30.398,80.861,80.844,1.58,1.50
01.05.2012 00:32:30.649,80.863,80.847,1.58,2.33
01.05.2012 00:32:31.079,80.866,80.850,2.33,1.58
01.05.2012 00:32:31.209,80.866,80.850,2.33,1.58
01.05.2012 00:32:35.500,80.863,80.847,1.58,2.33
01.05.2012 00:32:37.188,80.863,80.847,1.58,1.58
01.05.2012 00:32:37.863,80.863,80.847,1.58,2.33
01.05.2012 00:32:41.477,80.863,80.847,1.58,1.58
01.05.2012 00:33:27.544,80.863,80.847,1.58,2.33
01.05.2012 00:33:35.503,80.866,80.844,1.50,1.50
01.05.2012 00:33:36.226,80.866,80.842,1.50,2.25
01.05.2012 00:34:00.048,80.868,80.842,1.50,2.25
01.05.2012 00:34:00.235,80.866,80.842,1.50,2.25
01.05.2012 00:34:25.577,80.866,80.850,3.08,1.58
01.05.2012 00:34:26.115,80.866,80.850,2.33,1.58
01.05.2012 00:34:27.117,80.864,80.847,2.33,2.33
01.05.2012 00:34:30.822,80.867,80.849,3.08,1.58
01.05.2012 00:34:31.710,80.866,80.849,1.50,1.58
01.05.2012 00:34:38.498,80.866,80.849,1.50,1.58
01.05.2012 00:34:39.134,80.865,80.849,1.50,1.58
01.05.2012 00:34:40.802,80.866,80.849,1.50,1.58
01.05.2012 00:34:43.617,80.864,80.846,1.58,2.33
01.05.2012 00:34:44.641,80.867,80.850,1.50,1.58
01.05.2012 00:34:45.440,80.864,80.848,1.58,2.33
01.05.2012 00:35:11.380,80.864,80.848,2.33,2.33
01.05.2012 00:35:18.178,80.861,80.845,1.58,2.33
01.05.2012 00:35:30.458,80.861,80.845,2.33,2.33
01.05.2012 00:35:32.499,80.859,80.841,2.33,2.33
01.05.2012 00:35:34.058,80.859,80.841,1.58,2.33
01.05.2012 00:35:36.290,80.859,80.841,1.58,2.33
01.05.2012 00:35:36.419,80.861,80.845,1.58,1.58
01.05.2012 00:35:58.279,80.860,80.841,1.58,2.33
01.05.2012 00:36:01.910,80.860,80.841,1.58,2.33
01.05.2012 00:36:03.709,80.863,80.845,3.83,2.33
01.05.2012 00:36:18.548,80.861,80.842,3.08,2.33
01.05.2012 00:36:18.740,80.858,80.842,1.50,2.33
01.05.2012 00:36:21.189,80.858,80.844,1.50,1.58
01.05.2012 00:36:25.319,80.858,80.840,3.08,2.33
01.05.2012 00:36:25.389,80.857,80.840,1.50,2.33
01.05.2012 00:36:25.642,80.855,80.837,3.83,2.33
01.05.2012 00:36:25.712,80.850,80.833,2.33,1.50
01.05.2012 00:36:25.903,80.848,80.829,2.33,2.33
01.05.2012 00:36:26.165,80.848,80.829,2.33,2.33
01.05.2012 00:36:26.233,80.847,80.830,2.33,1.58
01.05.2012 00:36:27.140,80.847,80.830,4.58,1.58
01.05.2012 00:36:27.622,80.848,80.833,1.80,1.58
01.05.2012 00:36:30.182,80.849,80.833,3.68,1.58
01.05.2012 00:36:30.500,80.852,80.836,3.83,1.58
01.05.2012 00:36:30.809,80.849,80.833,2.33,1.58
01.05.2012 00:36:49.010,80.851,80.835,2.10,1.58
01.05.2012 00:36:49.651,80.851,80.835,2.25,1.58
01.05.2012 00:36:49.720,80.849,80.833,2.33,1.58
01.05.2012 00:36:56.460,80.851,80.835,1.50,2.33
01.05.2012 00:36:56.771,80.852,80.835,1.50,2.33
01.05.2012 00:37:01.459,80.853,80.835,4.58,2.33
01.05.2012 00:37:02.870,80.849,80.833,1.58,2.33
01.05.2012 00:37:03.099,80.849,80.833,1.58,1.58
01.05.2012 00:37:05.324,80.850,80.835,1.50,1.58
01.05.2012 00:37:05.510,80.853,80.835,3.08,1.58
01.05.2012 00:37:06.201,80.853,80.835,2.33,2.33
01.05.2012 00:37:08.523,80.853,80.835,2.33,3.08
01.05.2012 00:37:09.047,80.855,80.838,1.35,1.58
01.05.2012 00:37:18.543,80.856,80.838,2.93,1.58
01.05.2012 00:37:19.117,80.856,80.838,2.93,2.33
01.05.2012 00:37:20.769,80.856,80.838,2.93,2.33
01.05.2012 00:37:21.069,80.856,80.838,2.93,2.33
01.05.2012 00:37:31.420,80.856,80.838,2.33,1.58
01.05.2012 00:37:40.279,80.856,80.838,2.33,2.33
01.05.2012 00:38:20.321,80.855,80.836,1.50,1.50
01.05.2012 00:38:27.666,80.856,80.836,1.50,1.50
01.05.2012 00:38:29.600,80.858,80.842,3.23,1.58
01.05.2012 00:38:30.959,80.858,80.842,2.33,1.58
01.05.2012 00:38:31.093,80.861,80.845,3.08,1.58
01.05.2012 00:38:31.400,80.862,80.847,1.50,1.58
01.05.2012 00:38:31.840,80.864,80.847,1.50,1.58
01.05.2012 00:38:32.163,80.865,80.847,2.33,2.33
01.05.2012 00:38:32.453,80.865,80.847,3.08,2.33
01.05.2012 00:38:32.769,80.865,80.847,3.83,1.58
01.05.2012 00:38:32.840,80.862,80.844,2.33,2.33
01.05.2012 00:38:34.221,80.862,80.844,2.33,2.33
01.05.2012 00:38:34.919,80.862,80.844,1.58,2.33
01.05.2012 00:38:47.688,80.862,80.844,1.58,2.33
01.05.2012 00:38:47.882,80.862,80.844,2.33,2.33
01.05.2012 00:38:48.190,80.858,80.842,3.08,1.58
01.05.2012 00:38:54.501,80.858,80.842,2.33,1.58
01.05.2012 00:38:55.892,80.861,80.844,1.50,1.58
01.05.2012 00:38:55.961,80.862,80.844,3.23,1.58
01.05.2012 00:38:56.450,80.862,80.844,1.58,2.33
01.05.2012 00:38:57.161,80.862,80.844,3.08,2.33
01.05.2012 00:38:57.230,80.862,80.844,3.83,2.33
01.05.2012 00:39:03.132,80.862,80.844,3.08,2.33
01.05.2012 00:39:05.413,80.862,80.847,1.50,1.58
01.05.2012 00:39:06.832,80.865,80.847,1.58,2.33
01.05.2012 00:39:07.079,80.867,80.851,2.33,1.58
01.05.2012 00:39:13.249,80.869,80.853,1.50,1.58
01.05.2012 00:39:13.790,80.871,80.853,2.33,2.33
01.05.2012 00:39:18.519,80.871,80.853,3.08,2.33
01.05.2012 00:39:18.590,80.871,80.853,3.08,2.33
01.05.2012 00:39:19.159,80.871,80.853,3.08,2.33
01.05.2012 00:39:22.460,80.868,80.850,2.33,2.33
01.05.2012 00:39:22.590,80.869,80.854,1.50,1.58
01.05.2012 00:39:23.097,80.871,80.854,1.50,1.58
01.05.2012 00:39:23.530,80.871,80.854,1.50,1.58
01.05.2012 00:39:23.741,80.871,80.854,1.50,1.58
01.05.2012 00:39:24.348,80.872,80.854,2.33,2.33
01.05.2012 00:39:25.521,80.872,80.854,3.08,2.33
01.05.2012 00:39:25.712,80.872,80.854,3.08,2.33
01.05.2012 00:40:01.309,80.872,80.854,3.08,1.58
01.05.2012 00:40:01.499,80.869,80.851,1.58,2.33
01.05.2012 00:40:02.379,80.869,80.851,2.33,2.33
01.05.2012 00:40:22.168,80.871,80.854,1.50,1.58
01.05.2012 00:40:29.032,80.872,80.854,1.58,1.58
01.05.2012 00:40:45.283,80.868,80.852,1.58,2.33
01.05.2012 00:41:26.440,80.868,80.852,1.58,2.33
01.05.2012 00:41:30.752,80.871,80.855,1.58,1.58
01.05.2012 00:41:31.059,80.866,80.850,1.58,2.33
01.05.2012 00:41:31.928,80.866,80.850,1.58,2.33
01.05.2012 00:41:32.179,80.870,80.854,1.58,2.33
01.05.2012 00:41:36.991,80.869,80.850,1.58,3.08
01.05.2012 00:41:37.120,80.869,80.850,1.58,3.08
01.05.2012 00:41:43.536,80.869,80.850,3.08,3.08
01.05.2012 00:42:08.371,80.865,80.849,1.58,3.08
01.05.2012 00:42:11.751,80.868,80.851,2.33,1.58
01.05.2012 00:42:19.990,80.868,80.851,2.33,3.08
01.05.2012 00:42:20.531,80.868,80.851,3.08,1.58
01.05.2012 00:42:21.198,80.868,80.851,3.83,1.58
01.05.2012 00:42:34.230,80.865,80.848,1.58,1.58
01.05.2012 00:42:34.843,80.865,80.848,1.58,2.33
01.05.2012 00:42:39.210,80.867,80.850,1.50,1.58
01.05.2012 00:42:43.898,80.865,80.846,1.58,3.08
01.05.2012 00:42:45.199,80.865,80.846,1.58,3.08
01.05.2012 00:42:45.511,80.865,80.846,1.58,3.08
01.05.2012 00:43:22.007,80.865,80.847,1.58,1.50
01.05.2012 00:43:22.145,80.865,80.847,1.58,1.50
01.05.2012 00:43:44.034,80.869,80.847,1.50,1.50
01.05.2012 00:43:50.416,80.869,80.846,1.50,1.50
01.05.2012 00:43:57.355,80.867,80.846,1.50,1.50
01.05.2012 00:43:57.668,80.861,80.846,1.58,1.50
01.05.2012 00:43:58.036,80.861,80.845,1.58,1.58
01.05.2012 00:44:01.567,80.858,80.842,1.58,3.83
01.05.2012 00:44:03.105,80.858,80.842,1.58,3.83
01.05.2012 00:44:09.648,80.861,80.845,2.33,1.58
01.05.2012 00:44:09.777,80.859,80.842,1.58,3.08
01.05.2012 00:44:10.836,80.856,80.841,1.58,1.50
01.05.2012 00:44:14.495,80.858,80.842,1.58,1.58
01.05.2012 00:44:15.848,80.858,80.842,1.58,2.33
01.05.2012 00:44:16.230,80.861,80.844,1.58,1.58
01.05.2012 00:44:25.839,80.861,80.844,2.33,1.58
01.05.2012 00:44:26.158,80.854,80.839,1.58,1.50
01.05.2012 00:44:26.233,80.857,80.840,1.58,2.33
01.05.2012 00:44:26.309,80.853,80.839,1.58,1.50
01.05.2012 00:44:26.437,80.856,80.839,1.58,1.50
01.05.2012 00:44:26.567,80.856,80.837,1.58,3.08
01.05.2012 00:44:26.820,80.849,80.835,1.58,2.25
01.05.2012 00:44:26.947,80.854,80.835,1.58,3.08
01.05.2012 00:44:27.435,80.854,80.835,1.58,3.08
01.05.2012 00:44:28.136,80.854,80.835,1.58,3.08
01.05.2012 00:44:29.156,80.854,80.837,1.58,1.50
01.05.2012 00:44:29.493,80.856,80.839,1.58,2.33
01.05.2012 00:44:41.896,80.856,80.839,1.58,2.33
01.05.2012 00:44:42.465,80.856,80.839,1.58,3.08
01.05.2012 00:44:44.737,80.856,80.840,1.58,1.50
01.05.2012 00:44:45.046,80.859,80.841,1.50,2.33
01.05.2012 00:44:46.747,80.859,80.841,1.50,2.33
01.05.2012 00:44:47.803,80.857,80.838,1.58,3.83
01.05.2012 00:44:48.879,80.859,80.842,1.58,2.33
01.05.2012 00:44:54.157,80.861,80.845,3.08,1.58
01.05.2012 00:44:54.738,80.861,80.845,3.08,1.58
01.05.2012 00:44:55.389,80.861,80.845,1.58,1.58
01.05.2012 00:45:15.716,80.861,80.845,3.08,1.58
01.05.2012 00:45:19.439,80.861,80.845,3.08,1.58
01.05.2012 00:45:23.754,80.859,80.842,2.33,2.33
01.05.2012 00:45:27.858,80.861,80.848,1.50,1.58
01.05.2012 00:45:28.048,80.864,80.848,1.50,1.58
01.05.2012 00:45:28.762,80.865,80.848,3.08,1.58
01.05.2012 00:45:42.050,80.864,80.848,1.50,1.58
01.05.2012 00:45:49.246,80.865,80.848,3.08,1.58
01.05.2012 00:45:49.498,80.864,80.848,1.50,1.58
01.05.2012 00:45:49.567,80.863,80.845,3.08,2.33
01.05.2012 00:45:52.157,80.862,80.845,1.50,2.33
01.05.2012 00:45:59.536,80.863,80.845,3.83,2.33
01.05.2012 00:46:00.168,80.863,80.845,3.83,2.33
01.05.2012 00:46:00.538,80.857,80.840,1.58,2.33
01.05.2012 00:46:01.090,80.857,80.839,1.50,2.33
01.05.2012 00:46:01.156,80.857,80.839,1.50,1.58
01.05.2012 00:46:01.755,80.855,80.836,1.58,3.08
01.05.2012 00:46:04.017,80.852,80.835,1.58,1.50
01.05.2012 00:46:17.169,80.856,80.840,2.33,1.58
01.05.2012 00:46:17.418,80.850,80.834,1.58,2.33
01.05.2012 00:46:17.847,80.847,80.833,1.58,1.50
01.05.2012 00:46:17.917,80.847,80.833,1.58,1.50
01.05.2012 00:46:18.192,80.847,80.831,2.33,2.33
01.05.2012 00:46:18.448,80.844,80.827,2.33,2.33
01.05.2012 00:46:18.966,80.844,80.827,2.33,2.33
01.05.2012 00:46:22.926,80.844,80.827,2.33,2.33
01.05.2012 00:46:24.707,80.842,80.825,1.58,1.50
01.05.2012 00:46:24.896,80.842,80.825,1.58,1.50
01.05.2012 00:46:25.159,80.839,80.824,1.58,1.50
01.05.2012 00:46:25.289,80.839,80.824,1.58,1.50
01.05.2012 00:46:25.358,80.839,80.824,1.58,1.50
01.05.2012 00:46:27.577,80.842,80.824,1.58,3.08
01.05.2012 00:46:39.497,80.840,80.824,1.58,1.50
01.05.2012 00:46:43.130,80.835,80.818,1.58,2.25
01.05.2012 00:46:43.259,80.838,80.823,2.33,1.50
01.05.2012 00:46:43.449,80.835,80.816,2.33,2.33
01.05.2012 00:46:43.519,80.835,80.816,2.33,2.33
01.05.2012 00:46:43.707,80.834,80.816,1.50,2.33
01.05.2012 00:46:43.836,80.833,80.816,2.25,2.33
01.05.2012 00:46:43.969,80.830,80.812,1.58,1.50
01.05.2012 00:46:44.502,80.826,80.812,1.58,1.50
01.05.2012 00:46:45.047,80.826,80.810,1.58,3.08
01.05.2012 00:46:47.495,80.826,80.813,1.58,1.50
01.05.2012 00:46:47.566,80.830,80.813,1.58,1.50
01.05.2012 00:46:48.347,80.830,80.812,1.58,3.08
01.05.2012 00:46:49.230,80.833,80.815,2.33,2.33
01.05.2012 00:46:49.358,80.836,80.818,3.75,2.33
01.05.2012 00:46:50.041,80.836,80.818,3.45,2.33
01.05.2012 00:46:50.408,80.839,80.825,2.25,1.58
01.05.2012 00:46:50.946,80.841,80.825,2.33,2.33
01.05.2012 00:46:51.502,80.841,80.825,2.33,1.58
01.05.2012 00:46:52.239,80.839,80.822,2.33,1.50
01.05.2012 00:46:54.318,80.839,80.821,3.83,2.33
01.05.2012 00:46:54.506,80.839,80.821,3.08,3.08
01.05.2012 00:46:54.577,80.839,80.821,2.33,3.08
01.05.2012 00:46:55.127,80.841,80.825,3.08,2.33
01.05.2012 00:47:22.470,80.841,80.829,1.50,1.58
01.05.2012 00:47:22.600,80.843,80.829,1.35,1.58
01.05.2012 00:47:22.731,80.846,80.829,3.08,1.58
01.05.2012 00:47:22.799,80.849,80.832,4.13,1.58
01.05.2012 00:47:22.928,80.849,80.829,3.08,3.08
01.05.2012 00:47:23.056,80.849,80.829,3.83,2.33
01.05.2012 00:47:23.368,80.849,80.830,2.33,1.50
01.05.2012 00:47:23.896,80.849,80.829,2.33,2.33
01.05.2012 00:47:27.665,80.849,80.829,3.08,2.33
01.05.2012 00:47:28.223,80.849,80.829,3.08,2.33
01.05.2012 00:47:30.657,80.849,80.829,3.08,2.33
01.05.2012 00:47:30.976,80.849,80.829,3.08,2.33
01.05.2012 00:47:31.515,80.849,80.832,2.33,3.08
01.05.2012 00:47:32.076,80.849,80.832,2.33,3.08
01.05.2012 00:47:41.609,80.849,80.832,3.08,2.33
01.05.2012 00:47:52.647,80.849,80.832,3.08,2.33
01.05.2012 00:48:28.797,80.851,80.835,3.08,1.58
01.05.2012 00:48:29.058,80.850,80.831,2.33,2.33
01.05.2012 00:48:29.128,80.850,80.831,2.33,2.33
01.05.2012 00:48:39.558,80.850,80.835,1.50,1.58
01.05.2012 00:48:39.687,80.850,80.835,1.50,1.58
01.05.2012 00:48:40.118,80.856,80.839,1.50,1.58
01.05.2012 00:48:40.666,80.857,80.839,2.33,1.58
01.05.2012 00:48:43.997,80.857,80.839,2.33,1.58
01.05.2012 00:48:45.674,80.857,80.839,2.33,1.58
01.05.2012 00:48:49.207,80.854,80.837,1.58,2.33
01.05.2012 00:48:50.777,80.854,80.837,1.58,1.58
01.05.2012 00:48:50.970,80.848,80.832,2.33,2.33
01.05.2012 00:48:51.038,80.846,80.832,1.50,1.58
01.05.2012 00:48:53.552,80.848,80.832,2.33,1.58
01.05.2012 00:48:54.818,80.848,80.832,2.33,2.33
01.05.2012 00:48:57.631,80.845,80.832,1.50,2.33
01.05.2012 00:48:58.275,80.845,80.832,1.50,1.58
01.05.2012 00:48:59.609,80.845,80.829,2.93,1.58
01.05.2012 00:49:00.268,80.845,80.829,2.18,2.33
01.05.2012 00:49:00.340,80.845,80.829,1.58,3.08
01.05.2012 00:49:00.588,80.848,80.832,2.33,1.58
01.05.2012 00:49:00.717,80.848,80.832,2.33,2.33
01.05.2012 00:49:01.027,80.848,80.832,2.33,2.33
01.05.2012 00:49:01.610,80.848,80.832,2.33,2.33
01.05.2012 00:49:02.267,80.847,80.832,1.35,2.33
01.05.2012 00:49:02.816,80.847,80.832,1.50,1.58
01.05.2012 00:49:03.608,80.846,80.832,1.50,1.58
01.05.2012 00:49:03.797,80.845,80.829,2.33,2.33
01.05.2012 00:49:05.646,80.842,80.826,1.58,3.08
01.05.2012 00:49:08.967,80.844,80.828,2.25,1.58
01.05.2012 00:49:14.897,80.845,80.828,1.35,2.33
01.05.2012 00:49:15.098,80.845,80.828,1.35,1.58
01.05.2012 00:49:15.168,80.846,80.828,3.08,1.58
01.05.2012 00:49:15.237,80.848,80.832,5.33,1.58
01.05.2012 00:49:21.089,80.848,80.832,3.08,2.33
01.05.2012 00:49:21.219,80.851,80.834,1.50,1.58
01.05.2012 00:49:21.673,80.855,80.837,3.23,1.58
01.05.2012 00:49:21.740,80.856,80.840,2.85,1.58
01.05.2012 00:49:38.259,80.856,80.840,1.35,1.58
01.05.2012 00:49:38.329,80.858,80.840,2.33,3.08
01.05.2012 00:49:38.578,80.862,80.843,1.58,3.08
01.05.2012 00:49:38.898,80.862,80.843,2.33,2.33
01.05.2012 00:49:39.400,80.862,80.846,1.50,1.58
01.05.2012 00:49:39.470,80.862,80.843,3.08,2.33
01.05.2012 00:49:40.091,80.862,80.844,1.58,1.50
01.05.2012 00:49:41.660,80.862,80.845,1.58,1.50
01.05.2012 00:49:41.732,80.865,80.846,2.33,2.33
01.05.2012 00:49:41.918,80.867,80.849,3.08,1.58
01.05.2012 00:49:42.227,80.864,80.847,2.33,2.33
01.05.2012 00:49:44.032,80.864,80.847,2.33,2.33
01.05.2012 00:49:45.242,80.864,80.847,2.33,2.33
01.05.2012 00:49:45.661,80.861,80.844,1.58,2.33
01.05.2012 00:49:47.366,80.863,80.846,1.50,1.58
01.05.2012 00:49:47.497,80.863,80.846,1.50,1.58
01.05.2012 00:49:48.757,80.862,80.843,2.33,2.33
01.05.2012 00:49:49.447,80.862,80.843,2.93,2.33
01.05.2012 00:49:49.578,80.858,80.840,3.08,2.33
01.05.2012 00:49:49.708,80.858,80.840,3.83,2.33
01.05.2012 00:49:49.839,80.856,80.840,1.50,1.58
01.05.2012 00:49:50.387,80.856,80.837,3.08,2.33
01.05.2012 00:49:51.409,80.856,80.837,2.33,2.33
01.05.2012 00:49:52.450,80.857,80.841,1.58,1.58
01.05.2012 00:49:53.017,80.854,80.838,1.58,2.33
01.05.2012 00:49:58.157,80.854,80.838,1.58,1.58
01.05.2012 00:49:59.076,80.854,80.838,2.33,1.58
01.05.2012 00:49:59.207,80.853,80.834,2.33,2.33
01.05.2012 00:49:59.627,80.853,80.834,3.83,1.58
01.05.2012 00:49:59.877,80.851,80.834,1.50,1.58
01.05.2012 00:50:00.188,80.849,80.832,1.58,2.33
01.05.2012 00:50:02.098,80.846,80.832,1.58,1.50
01.05.2012 00:50:04.338,80.846,80.832,1.58,1.50
01.05.2012 00:50:06.629,80.850,80.833,1.58,2.33
01.05.2012 00:50:07.088,80.850,80.833,1.58,2.33
01.05.2012 00:50:10.296,80.852,80.836,1.58,2.33
01.05.2012 00:50:13.080,80.852,80.836,1.58,2.33
01.05.2012 00:50:13.207,80.856,80.838,1.58,2.33
01.05.2012 00:50:15.206,80.856,80.838,3.08,1.58
01.05.2012 00:50:15.517,80.852,80.834,1.58,3.83
01.05.2012 00:50:15.767,80.852,80.834,1.58,2.33
01.05.2012 00:50:16.436,80.849,80.833,1.58,1.50
01.05.2012 00:50:18.591,80.849,80.832,1.58,1.50
01.05.2012 00:50:18.780,80.849,80.831,1.58,2.33
01.05.2012 00:50:19.205,80.849,80.840,1.58,1.50
01.05.2012 00:50:19.460,80.859,80.843,1.28,1.50
01.05.2012 00:50:19.891,80.859,80.848,1.28,1.58
01.05.2012 00:50:20.201,80.859,80.846,1.28,1.58
01.05.2012 00:50:20.509,80.858,80.840,1.50,1.50
01.05.2012 00:50:20.579,80.860,80.842,1.50,2.33
01.05.2012 00:50:20.650,80.861,80.842,3.08,3.08
01.05.2012 00:50:20.837,80.861,80.842,3.08,1.58
01.05.2012 00:50:22.091,80.861,80.843,2.33,1.50
01.05.2012 00:50:22.159,80.863,80.846,3.08,1.58
01.05.2012 00:50:22.467,80.863,80.848,1.50,1.58
01.05.2012 00:50:24.127,80.864,80.848,1.50,1.58
01.05.2012 00:50:25.318,80.862,80.846,1.58,2.33
01.05.2012 00:50:25.827,80.861,80.846,1.50,1.58
01.05.2012 00:50:27.817,80.862,80.846,2.33,1.58
01.05.2012 00:50:30.047,80.862,80.846,3.08,1.58
01.05.2012 00:50:30.367,80.861,80.846,1.50,1.58
01.05.2012 00:50:35.838,80.862,80.846,2.33,1.58
01.05.2012 00:50:36.728,80.862,80.846,3.08,1.58
01.05.2012 00:50:39.930,80.862,80.846,2.33,2.33
01.05.2012 00:50:40.242,80.866,80.855,1.50,1.58
01.05.2012 00:50:40.491,80.868,80.853,1.50,1.58
01.05.2012 00:50:40.621,80.867,80.850,2.33,1.58
01.05.2012 00:50:41.111,80.867,80.850,3.08,1.58
01.05.2012 00:50:41.239,80.862,80.844,1.58,3.08
01.05.2012 00:50:42.168,80.864,80.848,2.33,1.58
01.05.2012 00:50:42.918,80.861,80.845,1.58,2.33
01.05.2012 00:50:43.239,80.858,80.842,1.58,3.08
01.05.2012 00:50:43.788,80.858,80.842,1.58,2.33
01.05.2012 00:50:44.354,80.855,80.839,1.58,2.33
01.05.2012 00:50:53.738,80.855,80.839,1.58,2.33
01.05.2012 00:51:02.588,80.858,80.842,2.33,1.58
01.05.2012 00:51:05.931,80.856,80.838,1.58,2.33
01.05.2012 00:51:05.999,80.852,80.836,1.58,3.08
01.05.2012 00:51:06.518,80.852,80.836,1.58,3.08
01.05.2012 00:51:11.566,80.852,80.836,1.58,2.33
01.05.2012 00:51:12.888,80.856,80.838,2.33,1.58
01.05.2012 00:51:13.628,80.856,80.838,2.33,2.33
01.05.2012 00:51:15.140,80.852,80.837,1.58,1.50
01.05.2012 00:51:15.329,80.852,80.836,1.58,3.08
01.05.2012 00:51:15.531,80.852,80.836,1.58,2.33
01.05.2012 00:51:16.077,80.852,80.836,1.58,2.33
01.05.2012 00:51:16.387,80.849,80.833,1.58,3.08
01.05.2012 00:51:17.065,80.849,80.833,1.58,2.33
01.05.2012 00:51:20.211,80.849,80.834,1.58,1.50
01.05.2012 00:51:20.279,80.852,80.837,1.50,1.58
01.05.2012 00:51:20.841,80.853,80.837,1.58,3.08
01.05.2012 00:51:20.910,80.856,80.840,2.33,1.58
01.05.2012 00:51:21.278,80.853,80.837,1.58,2.33
01.05.2012 00:51:21.887,80.853,80.837,1.58,1.58
01.05.2012 00:51:22.622,80.853,80.838,1.58,1.50
01.05.2012 00:51:22.930,80.860,80.846,1.50,1.58
01.05.2012 00:51:22.999,80.860,80.846,1.50,1.58
01.05.2012 00:51:23.311,80.857,80.839,1.58,1.58
01.05.2012 00:51:24.066,80.857,80.839,1.58,2.33
01.05.2012 00:51:24.889,80.857,80.839,2.33,2.33
01.05.2012 00:51:27.268,80.857,80.839,1.58,2.33
01.05.2012 00:51:28.301,80.857,80.839,2.33,2.33
01.05.2012 00:51:28.430,80.853,80.837,1.58,3.08
01.05.2012 00:51:28.618,80.850,80.834,1.58,2.33
01.05.2012 00:51:29.113,80.850,80.842,1.58,1.50
01.05.2012 00:51:29.180,80.858,80.846,1.50,1.58
01.05.2012 00:51:29.309,80.863,80.846,2.33,2.33
01.05.2012 00:51:29.870,80.861,80.844,1.58,1.50
01.05.2012 00:51:30.223,80.861,80.843,1.58,1.50
01.05.2012 00:51:30.876,80.861,80.842,1.58,3.08
01.05.2012 00:51:32.017,80.861,80.842,1.58,3.08
01.05.2012 00:51:32.221,80.854,80.839,1.58,1.50
01.05.2012 00:51:32.530,80.851,80.835,1.58,1.50
01.05.2012 00:51:32.598,80.851,80.835,1.58,1.50
01.05.2012 00:51:32.787,80.853,80.837,1.58,2.33
01.05.2012 00:51:35.337,80.853,80.837,1.58,3.08
01.05.2012 00:51:39.261,80.853,80.841,1.58,1.50
01.05.2012 00:51:39.330,80.860,80.845,1.50,1.58
01.05.2012 00:51:39.650,80.857,80.839,1.58,3.08
01.05.2012 00:51:39.718,80.859,80.842,1.58,2.33
01.05.2012 00:51:41.519,80.859,80.844,1.58,1.50
01.05.2012 00:51:41.710,80.864,80.845,3.08,3.08
01.05.2012 00:51:42.259,80.864,80.845,2.33,1.58
01.05.2012 00:51:42.331,80.864,80.845,3.08,1.58
01.05.2012 00:51:42.639,80.860,80.843,1.58,2.33
01.05.2012 00:51:42.948,80.853,80.835,1.58,2.33
01.05.2012 00:51:43.078,80.849,80.834,1.58,1.50
01.05.2012 00:51:43.511,80.853,80.835,1.58,2.33
01.05.2012 00:51:43.757,80.853,80.835,1.58,3.08
01.05.2012 00:51:44.009,80.856,80.838,1.58,2.33
01.05.2012 00:51:44.613,80.856,80.838,1.58,2.33
01.05.2012 00:51:45.028,80.856,80.838,1.58,2.33
01.05.2012 00:51:48.377,80.856,80.838,1.58,2.33
01.05.2012 00:51:48.507,80.860,80.841,2.33,2.33
01.05.2012 00:51:48.757,80.860,80.841,2.33,2.33
01.05.2012 00:51:48.827,80.860,80.841,2.33,2.33
01.05.2012 00:51:50.382,80.862,80.845,1.58,3.08
01.05.2012 00:51:50.511,80.862,80.846,1.58,1.50
01.05.2012 00:51:51.028,80.862,80.846,1.58,1.50
01.05.2012 00:51:54.587,80.862,80.846,1.58,1.50
01.05.2012 00:52:01.256,80.865,80.847,2.33,2.33
01.05.2012 00:52:10.201,80.865,80.847,1.58,3.68
01.05.2012 00:52:10.716,80.866,80.851,1.50,1.58
01.05.2012 00:52:21.081,80.865,80.848,1.58,3.08
01.05.2012 00:52:30.690,80.865,80.848,2.33,3.08
01.05.2012 00:52:30.831,80.868,80.850,3.83,1.58
01.05.2012 00:52:31.297,80.867,80.850,1.50,1.58
01.05.2012 00:52:31.469,80.868,80.850,3.83,1.58
01.05.2012 00:52:32.400,80.868,80.855,2.25,1.58
01.05.2012 00:52:32.707,80.869,80.852,2.33,2.33
01.05.2012 00:52:32.840,80.869,80.852,2.33,2.33
01.05.2012 00:52:33.059,80.871,80.856,1.50,1.58
01.05.2012 00:52:36.228,80.872,80.856,1.50,2.33
01.05.2012 00:52:36.300,80.874,80.859,2.25,1.58
01.05.2012 00:52:36.368,80.874,80.859,1.50,1.58
01.05.2012 00:52:36.928,80.876,80.865,1.50,1.58
01.05.2012 00:52:37.297,80.879,80.865,1.50,1.58
01.05.2012 00:52:37.618,80.878,80.861,1.50,1.58
01.05.2012 00:52:45.105,80.878,80.861,1.50,1.58
01.05.2012 00:52:45.601,80.876,80.858,1.58,1.58
01.05.2012 00:52:49.049,80.876,80.858,2.33,1.58
01.05.2012 00:52:49.359,80.870,80.854,2.33,1.58
01.05.2012 00:52:50.529,80.868,80.850,1.58,2.33
01.05.2012 00:52:50.601,80.868,80.850,2.33,1.58
01.05.2012 00:52:51.049,80.870,80.854,3.08,1.58
01.05.2012 00:52:58.988,80.870,80.854,2.33,1.58
01.05.2012 00:53:08.069,80.867,80.851,1.58,1.58
01.05.2012 00:53:20.039,80.870,80.853,1.50,1.58
01.05.2012 00:53:21.463,80.870,80.853,1.50,1.58
01.05.2012 00:53:21.899,80.871,80.853,3.08,2.33
01.05.2012 00:53:22.660,80.873,80.856,1.50,1.58
01.05.2012 00:53:22.728,80.874,80.856,1.50,1.58
01.05.2012 00:53:22.978,80.875,80.856,2.33,2.33
01.05.2012 00:53:23.489,80.875,80.856,3.08,1.58
01.05.2012 00:53:24.307,80.875,80.856,3.08,1.58
01.05.2012 00:53:24.842,80.872,80.854,2.33,2.33
01.05.2012 00:53:25.365,80.872,80.854,2.33,1.58
01.05.2012 00:53:25.951,80.872,80.854,1.58,2.33
01.05.2012 00:53:26.868,80.872,80.854,2.33,2.33
01.05.2012 00:53:27.187,80.869,80.851,2.33,2.33
01.05.2012 00:53:30.748,80.869,80.851,2.33,1.58
01.05.2012 00:53:31.435,80.869,80.851,2.33,1.58
01.05.2012 00:53:49.627,80.869,80.851,2.33,2.33
01.05.2012 00:53:51.782,80.869,80.851,2.33,2.33
01.05.2012 00:53:52.326,80.869,80.851,3.08,2.33
01.05.2012 00:53:52.518,80.865,80.849,1.58,2.33
01.05.2012 00:53:52.769,80.865,80.849,1.58,1.58
01.05.2012 00:53:53.327,80.865,80.849,2.33,1.58
01.05.2012 00:53:54.694,80.865,80.849,1.58,1.58
01.05.2012 00:53:55.751,80.865,80.849,2.33,1.58
01.05.2012 00:53:56.962,80.864,80.849,1.50,1.58
01.05.2012 00:53:57.209,80.862,80.844,2.33,2.33
01.05.2012 00:53:58.172,80.862,80.844,2.33,2.33
01.05.2012 00:54:04.787,80.861,80.844,1.50,1.58
01.05.2012 00:54:04.858,80.861,80.844,1.50,1.58
01.05.2012 00:54:11.828,80.861,80.844,1.50,1.58
01.05.2012 00:54:15.807,80.858,80.842,1.58,1.58
01.05.2012 00:54:16.709,80.858,80.842,2.33,1.58
01.05.2012 00:54:16.784,80.855,80.837,1.58,3.08
01.05.2012 00:54:17.288,80.855,80.837,2.33,1.58
01.05.2012 00:54:18.358,80.855,80.837,2.33,1.58
01.05.2012 00:54:28.397,80.858,80.834,1.50,1.50
01.05.2012 00:54:29.509,80.852,80.834,1.50,1.50
01.05.2012 00:54:29.949,80.852,80.832,2.25,1.50
01.05.2012 00:54:32.937,80.851,80.831,2.25,1.50
01.05.2012 00:54:33.010,80.850,80.831,1.50,1.50
01.05.2012 00:54:33.562,80.850,80.829,1.50,1.50
01.05.2012 00:54:37.892,80.849,80.829,2.25,1.50
01.05.2012 00:54:44.601,80.847,80.828,1.50,1.50
01.05.2012 00:54:44.803,80.847,80.827,1.50,1.50
01.05.2012 00:54:46.198,80.847,80.825,1.50,1.50
01.05.2012 00:54:47.329,80.845,80.825,1.50,2.10
01.05.2012 00:54:50.718,80.843,80.825,2.10,1.50
01.05.2012 00:54:50.789,80.839,80.825,1.50,1.50
01.05.2012 00:54:50.860,80.837,80.821,1.50,1.50
01.05.2012 00:54:51.050,80.837,80.816,1.50,2.33
01.05.2012 00:54:51.370,80.836,80.815,1.50,1.50
01.05.2012 00:54:52.050,80.834,80.815,1.50,1.50
01.05.2012 00:54:52.267,80.834,80.815,1.50,1.50
01.05.2012 00:54:52.520,80.834,80.815,1.50,1.50
01.05.2012 00:54:53.580,80.836,80.815,1.50,1.50
01.05.2012 00:54:54.871,80.836,80.816,1.50,1.50
01.05.2012 00:54:54.939,80.836,80.816,1.50,1.50
01.05.2012 00:54:55.502,80.836,80.816,1.50,1.50
01.05.2012 00:54:56.389,80.839,80.816,2.25,1.50
01.05.2012 00:54:56.460,80.838,80.816,1.50,1.50
01.05.2012 00:54:56.588,80.836,80.816,1.50,1.50
01.05.2012 00:54:56.841,80.833,80.816,1.50,1.50
01.05.2012 00:54:57.151,80.829,80.808,2.25,1.50
01.05.2012 00:54:57.698,80.829,80.808,2.25,1.50
01.05.2012 00:54:58.208,80.828,80.808,2.25,1.50
01.05.2012 00:54:59.525,80.825,80.805,1.50,3.00
01.05.2012 00:54:59.595,80.822,80.805,1.50,1.50
01.05.2012 00:54:59.718,80.823,80.805,1.50,1.50
01.05.2012 00:55:00.328,80.825,80.803,1.50,1.50
01.05.2012 00:55:00.405,80.808,80.802,1.50,1.50
01.05.2012 00:55:00.950,80.808,80.794,3.00,1.13
01.05.2012 00:55:01.262,80.806,80.786,1.50,1.13
01.05.2012 00:55:01.391,80.807,80.782,1.50,1.50
01.05.2012 00:55:01.462,80.803,80.779,1.50,1.65
01.05.2012 00:55:01.589,80.803,80.779,1.50,1.65
01.05.2012 00:55:02.214,80.802,80.779,1.50,1.50
01.05.2012 00:55:02.281,80.802,80.779,1.50,1.50
01.05.2012 00:55:02.830,80.807,80.782,2.85,2.25
01.05.2012 00:55:02.902,80.807,80.787,2.85,1.50
01.05.2012 00:55:03.230,80.807,80.788,1.35,1.50
01.05.2012 00:55:03.360,80.809,80.790,1.50,1.50
01.05.2012 00:55:03.491,80.810,80.791,2.10,1.50
01.05.2012 00:55:03.739,80.810,80.791,1.35,1.50
01.05.2012 00:55:04.508,80.810,80.790,2.85,1.50
01.05.2012 00:55:04.767,80.810,80.789,2.85,2.25
01.05.2012 00:55:05.329,80.810,80.789,2.10,1.50
01.05.2012 00:55:05.698,80.810,80.791,1.50,2.25
01.05.2012 00:55:05.772,80.813,80.791,1.50,2.25
01.05.2012 00:55:08.558,80.813,80.791,1.50,1.50
01.05.2012 00:55:09.088,80.811,80.789,1.50,1.50
01.05.2012 00:55:09.397,80.809,80.789,1.50,1.50
01.05.2012 00:55:09.527,80.811,80.789,3.00,1.50
01.05.2012 00:55:09.777,80.811,80.789,2.25,1.50
01.05.2012 00:55:12.190,80.812,80.790,1.50,1.50
01.05.2012 00:55:12.326,80.814,80.792,1.50,1.50
01.05.2012 00:55:13.062,80.814,80.792,1.50,1.50
01.05.2012 00:55:17.159,80.814,80.791,2.25,1.50
01.05.2012 00:55:19.697,80.814,80.791,2.25,1.50
01.05.2012 00:55:20.959,80.811,80.790,1.50,1.50
01.05.2012 00:55:21.029,80.811,80.790,1.50,1.50
01.05.2012 00:55:21.170,80.811,80.790,2.25,1.50
01.05.2012 00:55:22.660,80.812,80.791,1.50,1.50
01.05.2012 00:55:22.910,80.812,80.791,2.25,1.50
01.05.2012 00:55:22.979,80.811,80.788,1.50,1.50
01.05.2012 00:55:23.529,80.807,80.787,1.58,2.10
01.05.2012 00:55:23.862,80.802,80.785,1.58,1.50
01.05.2012 00:55:24.048,80.807,80.788,2.93,2.25
01.05.2012 00:55:24.559,80.807,80.788,1.58,1.50
01.05.2012 00:55:25.054,80.807,80.787,1.58,1.50
01.05.2012 00:55:25.124,80.807,80.786,2.33,3.08
01.05.2012 00:55:25.438,80.800,80.780,1.58,1.50
01.05.2012 00:55:25.578,80.800,80.781,1.58,1.50
01.05.2012 00:55:25.648,80.800,80.781,1.58,1.50
01.05.2012 00:55:26.269,80.800,80.780,3.08,1.50
01.05.2012 00:55:26.787,80.800,80.780,2.33,1.50
01.05.2012 00:55:28.158,80.800,80.780,3.08,1.50
01.05.2012 00:55:28.230,80.792,80.780,1.58,1.50
01.05.2012 00:55:28.359,80.789,80.774,1.58,1.50
01.05.2012 00:55:28.631,80.792,80.772,2.93,1.50
01.05.2012 00:55:28.701,80.787,80.771,1.58,1.50
01.05.2012 00:55:28.956,80.787,80.770,1.58,2.25
01.05.2012 00:55:29.088,80.780,80.770,1.58,1.50
01.05.2012 00:55:29.221,80.780,80.766,1.58,1.50
01.05.2012 00:55:29.295,80.783,80.768,1.58,2.25
01.05.2012 00:55:29.418,80.785,80.770,1.58,1.50
01.05.2012 00:55:29.551,80.792,80.771,2.93,2.33
01.05.2012 00:55:29.622,80.792,80.771,3.30,3.08
01.05.2012 00:55:29.808,80.792,80.772,3.68,1.50
01.05.2012 00:55:30.058,80.792,80.772,2.93,1.50
01.05.2012 00:55:30.997,80.792,80.774,2.18,1.50
01.05.2012 00:55:31.370,80.797,80.776,2.93,1.50
01.05.2012 00:55:31.440,80.797,80.775,2.93,1.50
01.05.2012 00:55:31.570,80.796,80.774,1.50,2.33
01.05.2012 00:55:31.639,80.793,80.772,1.35,1.50
01.05.2012 00:55:31.709,80.793,80.772,1.35,1.50
01.05.2012 00:55:32.531,80.791,80.771,2.18,1.50
01.05.2012 00:55:34.920,80.791,80.771,2.18,1.50
01.05.2012 00:55:35.468,80.793,80.772,1.50,1.50
01.05.2012 00:55:36.039,80.793,80.771,2.25,3.08
01.05.2012 00:55:36.549,80.792,80.771,1.50,2.33
01.05.2012 00:55:36.920,80.790,80.769,1.35,1.50
01.05.2012 00:55:38.198,80.791,80.770,2.18,1.50
01.05.2012 00:55:42.400,80.791,80.769,2.93,1.50
01.05.2012 00:55:42.763,80.790,80.768,1.35,2.33
01.05.2012 00:55:43.265,80.790,80.769,1.35,1.50
01.05.2012 00:55:43.925,80.790,80.769,1.35,1.50
01.05.2012 00:55:45.091,80.790,80.769,1.35,1.50
01.05.2012 00:55:46.700,80.787,80.769,2.10,1.50
01.05.2012 00:55:47.319,80.787,80.767,2.85,3.08
01.05.2012 00:55:48.398,80.787,80.767,2.85,3.08
01.05.2012 00:55:48.708,80.780,80.762,1.58,1.50
01.05.2012 00:55:48.782,80.780,80.761,2.18,1.50
01.05.2012 00:55:48.909,80.778,80.760,1.58,1.50
01.05.2012 00:55:49.429,80.778,80.760,1.58,1.50
01.05.2012 00:55:50.508,80.778,80.760,1.58,1.50
01.05.2012 00:55:50.814,80.781,80.761,2.18,1.50
01.05.2012 00:55:51.397,80.781,80.761,2.18,1.50
01.05.2012 00:55:53.907,80.780,80.760,1.35,1.50
01.05.2012 00:55:54.328,80.780,80.760,1.35,1.50
01.05.2012 00:55:54.869,80.781,80.762,2.18,1.50
01.05.2012 00:55:54.940,80.783,80.762,2.33,3.08
01.05.2012 00:55:55.130,80.787,80.764,3.83,2.33
01.05.2012 00:55:55.438,80.787,80.768,1.58,1.50
01.05.2012 00:55:55.747,80.787,80.766,1.58,1.50
01.05.2012 00:55:56.257,80.789,80.767,3.00,3.08
01.05.2012 00:55:56.597,80.786,80.766,1.58,1.50
01.05.2012 00:55:58.338,80.786,80.767,1.58,1.50
01.05.2012 00:55:58.911,80.786,80.769,1.58,1.50
01.05.2012 00:56:00.808,80.788,80.769,2.25,1.50
01.05.2012 00:56:01.320,80.788,80.769,1.50,1.50
01.05.2012 00:56:04.997,80.790,80.769,2.93,1.50
01.05.2012 00:56:08.227,80.790,80.769,2.93,1.50
01.05.2012 00:56:08.478,80.790,80.766,1.35,1.50
01.05.2012 00:56:08.987,80.790,80.766,2.10,1.50
01.05.2012 00:56:11.119,80.789,80.766,1.50,1.50
01.05.2012 00:56:11.671,80.787,80.767,2.33,1.50
01.05.2012 00:56:13.237,80.787,80.764,2.33,2.33
01.05.2012 00:56:13.548,80.790,80.771,3.08,1.50
01.05.2012 00:56:13.619,80.790,80.773,3.08,1.50
01.05.2012 00:56:14.591,80.791,80.772,1.35,2.33
01.05.2012 00:56:15.097,80.793,80.772,2.33,2.33
01.05.2012 00:56:18.023,80.793,80.772,2.33,2.33
01.05.2012 00:56:19.560,80.793,80.772,2.33,2.33
01.05.2012 00:56:19.929,80.791,80.771,2.33,1.50
01.05.2012 00:56:20.000,80.791,80.771,2.33,1.50
01.05.2012 00:56:21.294,80.791,80.771,3.08,1.50
01.05.2012 00:56:24.447,80.791,80.770,3.08,2.25
01.05.2012 00:56:27.046,80.787,80.772,1.58,1.50
01.05.2012 00:56:27.392,80.790,80.773,1.58,1.50
01.05.2012 00:56:27.610,80.794,80.774,2.33,2.33
01.05.2012 00:56:30.097,80.794,80.774,2.33,2.33
01.05.2012 00:56:32.161,80.791,80.773,2.33,1.50
01.05.2012 00:56:32.468,80.791,80.768,3.08,4.58
01.05.2012 00:56:34.118,80.794,80.772,2.33,1.50
01.05.2012 00:56:34.370,80.796,80.774,1.50,2.33
01.05.2012 00:56:34.889,80.797,80.774,3.08,2.33
01.05.2012 00:56:35.435,80.797,80.775,2.33,1.50
01.05.2012 00:56:40.300,80.793,80.773,1.58,3.08
01.05.2012 00:56:40.918,80.796,80.775,2.33,2.33
01.05.2012 00:56:41.667,80.796,80.775,3.08,2.33
01.05.2012 00:56:42.852,80.793,80.775,1.58,2.33
01.05.2012 00:56:44.467,80.793,80.775,2.33,2.33
01.05.2012 00:56:46.360,80.793,80.775,1.58,2.33
01.05.2012 00:57:07.219,80.793,80.775,1.58,3.83
01.05.2012 00:57:07.526,80.793,80.776,1.58,1.50
01.05.2012 00:57:11.318,80.795,80.779,1.58,2.33
01.05.2012 00:57:17.346,80.795,80.779,1.58,2.33
01.05.2012 00:57:17.924,80.795,80.779,1.58,2.33
01.05.2012 00:57:23.127,80.793,80.778,1.58,2.25
01.05.2012 00:57:24.245,80.793,80.778,1.58,2.25
01.05.2012 00:57:25.270,80.793,80.781,1.58,1.50
01.05.2012 00:57:25.460,80.797,80.782,1.58,1.50
01.05.2012 00:57:25.700,80.797,80.782,1.58,1.50
01.05.2012 00:57:26.008,80.795,80.780,1.58,2.25
01.05.2012 00:57:26.319,80.792,80.778,1.58,1.50
01.05.2012 00:57:26.508,80.792,80.778,1.58,1.50
01.05.2012 00:57:27.698,80.796,80.778,1.58,1.50
01.05.2012 00:57:28.167,80.792,80.778,1.58,1.50
01.05.2012 00:57:30.391,80.792,80.776,1.58,4.43
01.05.2012 00:57:32.087,80.792,80.776,1.58,5.18
01.05.2012 00:57:33.198,80.797,80.780,2.33,1.58
01.05.2012 00:57:33.628,80.797,80.781,1.58,1.50
01.05.2012 00:57:34.368,80.797,80.780,1.58,2.33
01.05.2012 00:57:34.498,80.795,80.778,1.58,1.50
01.05.2012 00:57:35.055,80.795,80.776,1.58,4.43
01.05.2012 00:57:35.821,80.798,80.779,2.33,2.93
01.05.2012 00:57:35.888,80.798,80.779,2.33,3.68
01.05.2012 00:57:35.958,80.798,80.780,2.33,1.50
01.05.2012 00:57:36.269,80.801,80.784,1.58,2.25
01.05.2012 00:57:36.398,80.804,80.786,3.08,1.50
01.05.2012 00:57:36.792,80.804,80.786,2.33,1.50
01.05.2012 00:57:36.857,80.804,80.786,2.33,1.50
01.05.2012 00:57:38.469,80.804,80.786,2.33,1.50
01.05.2012 00:57:39.126,80.804,80.786,2.33,1.50
01.05.2012 00:57:40.551,80.804,80.786,2.33,1.50
01.05.2012 00:58:00.249,80.801,80.783,2.33,3.68
01.05.2012 00:58:00.379,80.801,80.783,2.33,2.33
01.05.2012 00:58:00.510,80.801,80.783,2.33,3.08
01.05.2012 00:58:00.819,80.799,80.782,2.33,1.50
01.05.2012 00:58:01.419,80.799,80.780,2.33,2.33
01.05.2012 00:58:01.958,80.799,80.780,2.33,3.08
01.05.2012 00:58:02.031,80.799,80.780,2.33,3.08
01.05.2012 00:58:02.562,80.799,80.781,1.58,1.50
01.05.2012 00:58:05.578,80.799,80.780,1.58,3.08
01.05.2012 00:58:07.490,80.802,80.785,2.33,1.58
01.05.2012 00:58:07.808,80.800,80.783,2.33,2.25
01.05.2012 00:58:08.059,80.800,80.782,1.58,2.33
01.05.2012 00:58:08.805,80.800,80.782,1.58,2.33
01.05.2012 00:58:10.668,80.800,80.784,1.58,2.25
01.05.2012 00:58:10.738,80.800,80.785,1.58,1.50
01.05.2012 00:58:11.687,80.800,80.782,1.58,3.08
01.05.2012 00:58:12.249,80.800,80.782,1.58,3.08
01.05.2012 00:58:12.538,80.800,80.782,1.58,3.08
01.05.2012 00:58:13.384,80.800,80.782,1.58,3.08
01.05.2012 00:58:15.528,80.800,80.782,1.58,2.33
01.05.2012 00:58:17.172,80.796,80.781,1.58,1.50
01.05.2012 00:58:19.568,80.800,80.782,1.58,2.33
01.05.2012 00:58:20.128,80.800,80.782,1.58,2.33
01.05.2012 00:58:21.700,80.803,80.785,1.58,3.08
01.05.2012 00:58:24.698,80.803,80.785,1.58,3.08
01.05.2012 00:58:25.253,80.803,80.785,1.58,3.08
01.05.2012 00:58:27.479,80.803,80.787,1.58,1.50
01.05.2012 00:58:28.037,80.803,80.785,1.58,2.33
01.05.2012 00:58:28.349,80.801,80.782,1.58,3.08
01.05.2012 00:58:28.902,80.801,80.782,1.58,3.08
01.05.2012 00:58:39.389,80.801,80.783,1.58,1.50
01.05.2012 00:58:42.217,80.801,80.783,1.58,1.50
01.05.2012 00:58:51.120,80.803,80.785,1.58,2.33
01.05.2012 00:58:52.660,80.803,80.785,2.33,2.33
01.05.2012 00:58:53.191,80.803,80.785,3.83,1.58
01.05.2012 00:58:53.262,80.798,80.782,1.58,2.33
01.05.2012 00:58:57.448,80.798,80.783,1.58,1.35
01.05.2012 00:58:57.518,80.802,80.784,2.33,2.18
01.05.2012 00:59:00.448,80.802,80.784,1.58,3.68
01.05.2012 00:59:00.518,80.798,80.784,1.58,2.25
01.05.2012 00:59:02.613,80.801,80.785,1.58,3.08
01.05.2012 00:59:06.370,80.801,80.785,1.58,3.08
01.05.2012 00:59:06.910,80.801,80.785,1.58,3.08
01.05.2012 00:59:07.052,80.804,80.787,1.50,1.58
01.05.2012 00:59:09.509,80.805,80.787,3.08,2.33
01.05.2012 00:59:11.631,80.805,80.787,1.58,2.33
01.05.2012 00:59:12.589,80.805,80.787,2.33,1.58
01.05.2012 00:59:12.660,80.802,80.785,1.58,2.33
01.05.2012 00:59:13.202,80.805,80.787,2.33,1.58
01.05.2012 00:59:16.110,80.798,80.780,1.58,3.08
01.05.2012 00:59:16.311,80.798,80.780,1.58,2.33
01.05.2012 00:59:16.570,80.798,80.780,2.33,2.33
01.05.2012 00:59:18.552,80.798,80.780,1.58,2.33
01.05.2012 00:59:18.622,80.801,80.783,2.33,1.58
01.05.2012 00:59:24.521,80.801,80.783,1.58,2.33
01.05.2012 00:59:25.519,80.801,80.783,1.58,2.33
01.05.2012 00:59:26.032,80.801,80.783,1.58,2.33
01.05.2012 00:59:26.332,80.801,80.783,1.58,2.33
01.05.2012 00:59:26.407,80.803,80.787,1.58,1.58
01.05.2012 00:59:27.450,80.801,80.782,1.58,2.33
01.05.2012 00:59:27.879,80.801,80.782,2.33,2.33
01.05.2012 00:59:28.431,80.801,80.782,2.33,2.33
01.05.2012 00:59:30.523,80.801,80.782,2.33,1.58
01.05.2012 00:59:32.231,80.797,80.779,1.58,2.33
01.05.2012 00:59:32.540,80.793,80.777,1.58,2.33
01.05.2012 00:59:32.669,80.793,80.777,1.58,2.33
01.05.2012 00:59:32.743,80.797,80.779,1.58,2.33
01.05.2012 00:59:35.020,80.793,80.777,1.58,2.33
01.05.2012 00:59:35.762,80.793,80.777,1.58,2.33
01.05.2012 00:59:35.830,80.797,80.779,1.58,1.58
01.05.2012 00:59:36.430,80.795,80.776,1.58,2.33
01.05.2012 00:59:37.024,80.795,80.776,1.58,2.33
01.05.2012 00:59:37.423,80.797,80.779,1.58,2.33
01.05.2012 00:59:37.779,80.797,80.779,1.58,2.33
01.05.2012 00:59:38.520,80.797,80.779,1.58,2.33
01.05.2012 00:59:38.770,80.797,80.779,1.58,2.33
01.05.2012 00:59:45.190,80.801,80.783,1.58,1.58
01.05.2012 00:59:45.261,80.801,80.783,1.58,2.33
01.05.2012 00:59:45.579,80.797,80.781,1.58,2.33
01.05.2012 00:59:48.743,80.797,80.781,1.58,2.33
01.05.2012 00:59:49.500,80.797,80.781,1.58,2.33
01.05.2012 00:59:49.572,80.801,80.784,1.58,1.58
01.05.2012 00:59:53.099,80.801,80.784,2.33,1.58
01.05.2012 00:59:53.481,80.799,80.781,1.58,1.58
01.05.2012 00:59:53.550,80.799,80.783,1.58,1.58
01.05.2012 00:59:54.052,80.798,80.783,1.13,1.58
01.05.2012 00:59:54.359,80.793,80.775,1.58,2.33
01.05.2012 00:59:57.241,80.793,80.775,1.58,2.33
01.05.2012 01:00:00.301,80.800,80.784,1.58,1.58
01.05.2012 01:00:00.430,80.800,80.784,2.33,1.58
01.05.2012 01:00:00.749,80.792,80.776,1.58,2.33
01.05.2012 01:00:00.822,80.792,80.776,1.58,2.33
01.05.2012 01:00:00.948,80.798,80.782,2.33,1.58
01.05.2012 01:00:01.019,80.798,80.782,1.58,2.33
01.05.2012 01:00:01.451,80.798,80.782,1.58,2.33
01.05.2012 01:00:01.784,80.809,80.791,1.58,1.58
01.05.2012 01:00:02.290,80.809,80.791,1.58,2.33
01.05.2012 01:00:02.480,80.809,80.791,1.58,2.33
01.05.2012 01:00:03.040,80.808,80.792,1.58,1.58
01.05.2012 01:00:03.900,80.808,80.792,1.58,2.33
01.05.2012 01:00:04.929,80.806,80.788,1.58,2.33
01.05.2012 01:00:05.300,80.806,80.788,1.58,2.33
01.05.2012 01:00:07.238,80.808,80.792,1.58,1.58
01.05.2012 01:00:07.670,80.805,80.789,1.58,2.33
01.05.2012 01:00:09.720,80.815,80.798,1.50,1.58
01.05.2012 01:00:09.970,80.816,80.798,2.33,1.58
01.05.2012 01:00:10.044,80.817,80.802,1.50,1.58
01.05.2012 01:00:10.354,80.818,80.799,1.58,2.33
01.05.2012 01:00:10.419,80.818,80.799,1.58,2.33
01.05.2012 01:00:12.001,80.816,80.799,1.13,2.33
01.05.2012 01:00:12.515,80.816,80.799,1.13,1.58
01.05.2012 01:00:12.856,80.814,80.798,1.58,1.58
01.05.2012 01:00:17.178,80.812,80.798,1.13,1.58
01.05.2012 01:00:17.612,80.811,80.793,1.58,2.33
01.05.2012 01:00:17.909,80.808,80.792,1.58,2.33
01.05.2012 01:00:25.749,80.811,80.795,1.58,1.58
01.05.2012 01:00:28.589,80.811,80.795,3.08,1.58
01.05.2012 01:00:29.452,80.811,80.795,3.08,1.58
01.05.2012 01:00:29.706,80.816,80.800,2.33,1.58
01.05.2012 01:00:29.833,80.816,80.800,1.58,1.58
01.05.2012 01:00:30.085,80.819,80.802,1.50,1.58
01.05.2012 01:00:30.456,80.820,80.806,1.50,1.58
01.05.2012 01:00:31.946,80.821,80.806,1.50,1.58
01.05.2012 01:00:32.019,80.821,80.806,1.50,1.58
01.05.2012 01:00:32.144,80.821,80.806,1.50,1.58
01.05.2012 01:00:32.337,80.819,80.803,2.33,1.58
01.05.2012 01:00:34.086,80.819,80.803,1.58,2.33
01.05.2012 01:00:34.737,80.822,80.805,2.33,2.33
01.05.2012 01:00:35.394,80.819,80.803,1.58,2.33
01.05.2012 01:00:35.583,80.819,80.803,2.33,2.33
01.05.2012 01:00:35.773,80.819,80.803,2.33,2.33
01.05.2012 01:00:40.417,80.822,80.805,2.33,1.58
01.05.2012 01:00:40.487,80.819,80.803,2.33,2.33
01.05.2012 01:00:41.864,80.821,80.804,1.50,1.58
01.05.2012 01:00:42.053,80.822,80.804,1.50,2.33
01.05.2012 01:00:42.628,80.822,80.804,1.50,2.33
01.05.2012 01:00:45.244,80.823,80.804,2.33,2.33
01.05.2012 01:00:45.553,80.823,80.806,2.33,1.50
01.05.2012 01:00:45.804,80.825,80.807,3.08,2.33
01.05.2012 01:00:48.566,80.823,80.804,3.08,1.58
01.05.2012 01:00:48.635,80.823,80.804,3.08,1.58
01.05.2012 01:00:49.614,80.821,80.804,1.50,1.58
01.05.2012 01:00:50.212,80.819,80.803,2.33,2.33
01.05.2012 01:00:50.753,80.819,80.803,2.33,2.33
01.05.2012 01:00:56.789,80.819,80.803,1.58,2.33
01.05.2012 01:00:57.154,80.819,80.803,2.33,1.58
01.05.2012 01:00:57.464,80.818,80.799,2.33,2.33
01.05.2012 01:00:58.032,80.819,80.803,2.33,1.58
01.05.2012 01:00:58.344,80.822,80.806,3.08,1.58
01.05.2012 01:00:59.126,80.822,80.806,2.33,2.33
01.05.2012 01:00:59.314,80.822,80.806,2.33,2.33
01.05.2012 01:01:02.874,80.822,80.806,2.33,2.33
01.05.2012 01:01:03.384,80.822,80.806,2.33,2.33
01.05.2012 01:01:04.164,80.822,80.806,2.33,1.58
01.05.2012 01:01:04.294,80.822,80.806,2.33,1.58
01.05.2012 01:01:04.423,80.817,80.802,2.33,1.50
01.05.2012 01:01:04.553,80.817,80.802,2.33,1.50
01.05.2012 01:01:04.923,80.821,80.805,2.33,2.33
01.05.2012 01:01:04.996,80.821,80.805,2.33,2.33
01.05.2012 01:01:05.517,80.821,80.806,2.33,1.50
01.05.2012 01:01:07.188,80.817,80.802,1.58,1.50
01.05.2012 01:01:07.255,80.817,80.801,2.33,2.33
01.05.2012 01:01:07.813,80.817,80.803,2.33,1.50
01.05.2012 01:01:08.115,80.817,80.804,2.33,2.25
01.05.2012 01:01:08.185,80.819,80.804,2.33,2.25
01.05.2012 01:01:11.533,80.822,80.805,2.33,1.58
01.05.2012 01:01:14.567,80.820,80.802,2.33,3.08
01.05.2012 01:01:17.499,80.823,80.804,2.33,3.08
01.05.2012 01:01:17.567,80.823,80.806,2.33,1.50
01.05.2012 01:01:17.934,80.819,80.803,2.33,2.33
01.05.2012 01:01:18.006,80.819,80.803,2.33,2.33
01.05.2012 01:01:18.661,80.819,80.803,2.33,2.33
01.05.2012 01:01:20.054,80.819,80.803,2.33,2.33
01.05.2012 01:01:21.115,80.819,80.803,2.33,2.33
01.05.2012 01:01:23.435,80.819,80.803,2.33,2.33
01.05.2012 01:01:26.644,80.819,80.803,2.33,2.33
01.05.2012 01:01:26.714,80.819,80.803,2.33,2.33
01.05.2012 01:01:27.264,80.819,80.803,2.33,2.33
01.05.2012 01:01:33.396,80.819,80.803,1.58,2.33
01.05.2012 01:01:33.733,80.824,80.810,1.50,1.58
01.05.2012 01:01:34.046,80.828,80.810,2.33,2.33
01.05.2012 01:01:34.116,80.830,80.813,1.50,1.58
01.05.2012 01:01:34.366,80.831,80.813,2.33,2.33
01.05.2012 01:01:34.873,80.831,80.813,2.33,2.33
01.05.2012 01:01:35.954,80.831,80.813,2.33,2.33
01.05.2012 01:01:36.325,80.834,80.815,3.08,2.33
01.05.2012 01:01:36.754,80.834,80.815,2.33,2.33
01.05.2012 01:01:36.884,80.834,80.815,1.58,3.08
01.05.2012 01:01:37.874,80.834,80.816,1.58,1.50
01.05.2012 01:01:38.435,80.834,80.815,2.33,3.08
01.05.2012 01:01:40.114,80.834,80.815,2.33,3.08
01.05.2012 01:01:40.186,80.830,80.815,1.58,1.50
01.05.2012 01:01:42.214,80.832,80.815,1.50,2.33
01.05.2012 01:01:42.763,80.831,80.815,1.50,2.33
01.05.2012 01:01:45.214,80.833,80.817,2.33,1.58
01.05.2012 01:01:45.287,80.833,80.817,2.33,1.58
01.05.2012 01:01:45.836,80.833,80.817,2.33,2.33
01.05.2012 01:01:45.905,80.836,80.819,2.33,2.33
01.05.2012 01:01:47.463,80.836,80.819,2.33,2.33
01.05.2012 01:01:47.974,80.832,80.816,1.58,2.33
01.05.2012 01:01:48.117,80.837,80.821,1.58,2.33
01.05.2012 01:01:48.187,80.834,80.818,1.58,3.08
01.05.2012 01:01:48.555,80.834,80.818,2.33,2.33
01.05.2012 01:01:49.351,80.834,80.818,2.33,2.33
01.05.2012 01:01:49.475,80.837,80.822,1.50,1.58
01.05.2012 01:01:49.546,80.838,80.822,1.50,1.58
01.05.2012 01:01:49.793,80.838,80.822,2.25,1.58
01.05.2012 01:01:50.105,80.836,80.819,2.33,2.33
01.05.2012 01:01:50.854,80.836,80.819,2.33,2.33
01.05.2012 01:01:51.163,80.834,80.817,2.33,2.33
01.05.2012 01:01:54.146,80.834,80.817,2.33,2.33
01.05.2012 01:02:00.584,80.834,80.817,2.33,2.33
01.05.2012 01:02:02.487,80.834,80.816,1.50,2.33
01.05.2012 01:02:02.556,80.833,80.816,1.50,1.58
01.05.2012 01:02:02.805,80.829,80.816,1.50,1.58
01.05.2012 01:02:02.876,80.829,80.814,1.50,1.58
01.05.2012 01:02:03.426,80.828,80.812,3.08,1.58
01.05.2012 01:02:07.674,80.825,80.808,2.33,2.33
01.05.2012 01:02:07.747,80.828,80.810,3.83,1.58
01.05.2012 01:02:08.383,80.826,80.807,3.08,1.58
01.05.2012 01:02:08.904,80.826,80.807,2.33,2.33
01.05.2012 01:02:10.985,80.826,80.807,2.33,2.33
01.05.2012 01:02:11.294,80.831,80.814,1.50,1.58
01.05.2012 01:02:12.287,80.833,80.814,3.83,2.33
01.05.2012 01:02:12.838,80.833,80.814,3.83,2.33
01.05.2012 01:02:14.107,80.833,80.814,3.83,1.58
01.05.2012 01:02:14.643,80.832,80.814,1.50,1.58
01.05.2012 01:02:16.735,80.827,80.817,1.50,1.58
01.05.2012 01:02:17.045,80.828,80.813,1.50,1.58
01.05.2012 01:02:17.117,80.829,80.813,2.33,1.58
01.05.2012 01:02:17.185,80.829,80.816,1.50,1.58
01.05.2012 01:02:17.986,80.830,80.816,1.50,1.58
01.05.2012 01:02:18.180,80.831,80.815,3.08,1.58
01.05.2012 01:02:21.207,80.831,80.815,1.58,1.58
01.05.2012 01:02:24.356,80.833,80.818,2.25,1.58
01.05.2012 01:02:24.863,80.833,80.818,1.50,1.58
01.05.2012 01:02:27.224,80.832,80.814,1.58,2.33
01.05.2012 01:02:27.647,80.831,80.814,1.50,1.58
01.05.2012 01:02:32.714,80.830,80.811,2.33,1.58
01.05.2012 01:02:34.643,80.827,80.811,1.50,1.58
01.05.2012 01:02:35.342,80.827,80.809,3.08,2.33
01.05.2012 01:02:35.412,80.827,80.809,3.08,2.33
01.05.2012 01:02:36.174,80.827,80.812,1.50,1.58
01.05.2012 01:02:38.874,80.827,80.812,1.50,1.58
01.05.2012 01:02:42.276,80.830,80.815,1.50,2.33
01.05.2012 01:02:42.345,80.831,80.815,2.33,2.33
01.05.2012 01:02:42.416,80.833,80.820,1.50,1.58
01.05.2012 01:02:42.484,80.834,80.820,1.50,1.58
01.05.2012 01:02:42.794,80.839,80.822,1.50,1.58
01.05.2012 01:02:43.043,80.840,80.825,2.25,1.58
01.05.2012 01:02:45.955,80.840,80.822,3.83,1.58
01.05.2012 01:02:46.206,80.837,80.819,1.58,2.33
01.05.2012 01:02:46.276,80.838,80.823,1.50,1.58
01.05.2012 01:02:46.889,80.837,80.819,2.33,1.58
01.05.2012 01:02:51.753,80.837,80.819,2.33,1.58
01.05.2012 01:02:52.586,80.841,80.823,2.33,1.58
01.05.2012 01:02:52.834,80.842,80.825,1.50,1.58
01.05.2012 01:03:00.082,80.844,80.825,3.08,2.33
01.05.2012 01:03:00.656,80.843,80.825,1.50,2.33
01.05.2012 01:03:07.314,80.844,80.825,3.08,2.33
01.05.2012 01:03:22.061,80.840,80.823,2.33,2.33
01.05.2012 01:03:22.127,80.840,80.823,2.33,2.33
01.05.2012 01:03:22.255,80.840,80.823,2.33,2.33
01.05.2012 01:03:22.385,80.837,80.818,3.08,2.33
01.05.2012 01:03:22.953,80.837,80.818,2.33,2.33
01.05.2012 01:03:27.764,80.837,80.818,2.33,2.33
01.05.2012 01:03:28.135,80.834,80.816,1.58,2.33
01.05.2012 01:03:30.774,80.837,80.819,3.08,1.58
01.05.2012 01:03:31.294,80.837,80.819,2.33,2.33
01.05.2012 01:03:34.274,80.837,80.819,1.58,2.33
01.05.2012 01:03:34.814,80.839,80.823,3.08,1.58
01.05.2012 01:03:37.204,80.837,80.819,1.58,2.33
01.05.2012 01:03:52.353,80.840,80.823,3.08,1.58
01.05.2012 01:03:53.534,80.837,80.820,1.58,2.33
01.05.2012 01:04:00.612,80.837,80.820,3.08,1.58
01.05.2012 01:04:01.445,80.837,80.820,2.33,1.58
01.05.2012 01:04:01.864,80.834,80.818,1.58,1.58
01.05.2012 01:04:03.105,80.833,80.814,1.58,3.08
01.05.2012 01:04:03.842,80.833,80.814,1.58,3.08
01.05.2012 01:04:08.293,80.834,80.818,2.33,1.58
01.05.2012 01:04:13.495,80.833,80.815,1.58,1.50
01.05.2012 01:04:17.467,80.835,80.817,3.08,1.58
01.05.2012 01:04:17.783,80.835,80.821,1.50,1.58
01.05.2012 01:04:18.584,80.835,80.818,3.08,1.58
01.05.2012 01:04:30.246,80.835,80.818,1.58,2.33
01.05.2012 01:04:30.754,80.836,80.818,1.58,1.50
01.05.2012 01:04:30.825,80.836,80.818,1.58,1.50
01.05.2012 01:04:34.066,80.832,80.818,1.58,1.50
01.05.2012 01:04:34.615,80.832,80.816,1.58,3.83
01.05.2012 01:04:41.447,80.832,80.817,1.58,1.50
01.05.2012 01:04:41.635,80.835,80.819,1.58,1.58
01.05.2012 01:04:58.713,80.833,80.817,1.58,1.50
01.05.2012 01:04:59.295,80.836,80.818,2.33,1.58
01.05.2012 01:04:59.423,80.832,80.816,1.58,3.08
01.05.2012 01:05:01.306,80.832,80.816,2.33,1.58
01.05.2012 01:05:05.101,80.830,80.813,1.58,3.08
01.05.2012 01:05:05.684,80.827,80.812,1.58,1.50
01.05.2012 01:05:06.244,80.827,80.811,1.58,3.08
01.05.2012 01:05:06.614,80.825,80.811,1.58,1.50
01.05.2012 01:05:06.807,80.827,80.811,1.58,1.50
01.05.2012 01:05:07.182,80.822,80.808,1.58,1.50
01.05.2012 01:05:07.265,80.825,80.808,1.58,1.50
01.05.2012 01:05:07.337,80.825,80.808,1.58,1.50
01.05.2012 01:05:07.527,80.827,80.809,1.58,2.33
01.05.2012 01:05:08.790,80.824,80.808,1.58,1.50
01.05.2012 01:05:11.064,80.826,80.810,1.58,2.33
01.05.2012 01:05:12.376,80.826,80.810,1.58,2.33
01.05.2012 01:05:21.604,80.826,80.810,1.58,1.58
01.05.2012 01:05:25.288,80.825,80.808,1.58,2.25
01.05.2012 01:05:25.506,80.827,80.809,1.58,2.33
01.05.2012 01:05:28.619,80.827,80.809,1.58,3.08
01.05.2012 01:05:30.754,80.827,80.810,1.58,1.50
01.05.2012 01:05:34.215,80.830,80.812,2.33,1.58
01.05.2012 01:05:34.347,80.830,80.812,2.33,3.08
01.05.2012 01:05:36.035,80.830,80.812,1.58,3.08
01.05.2012 01:05:39.247,80.830,80.813,1.58,1.50
01.05.2012 01:05:39.557,80.833,80.817,1.58,1.58
01.05.2012 01:05:40.295,80.830,80.814,1.58,2.33
01.05.2012 01:05:41.596,80.830,80.814,1.58,2.33
01.05.2012 01:05:41.815,80.830,80.814,1.58,2.33
01.05.2012 01:05:44.794,80.833,80.817,2.33,1.58
01.05.2012 01:05:45.118,80.831,80.813,2.33,2.33
01.05.2012 01:05:52.295,80.827,80.810,1.58,1.50
01.05.2012 01:05:52.631,80.828,80.812,1.58,2.33
01.05.2012 01:05:53.232,80.828,80.812,1.58,2.33
01.05.2012 01:05:53.425,80.828,80.812,1.58,2.33
01.05.2012 01:05:53.495,80.834,80.816,2.25,2.33
01.05.2012 01:05:53.568,80.834,80.816,1.50,3.08
01.05.2012 01:05:53.698,80.835,80.818,2.33,1.50
01.05.2012 01:05:53.768,80.838,80.823,2.25,1.58
01.05.2012 01:05:53.956,80.836,80.818,2.33,2.33
01.05.2012 01:05:54.205,80.838,80.822,3.08,1.58
01.05.2012 01:05:54.807,80.838,80.822,3.08,1.58
01.05.2012 01:05:54.935,80.834,80.818,1.58,2.33
01.05.2012 01:05:56.516,80.834,80.818,3.83,2.33
01.05.2012 01:05:56.647,80.831,80.812,2.33,3.08
01.05.2012 01:05:57.263,80.831,80.814,2.33,2.33
01.05.2012 01:05:58.034,80.833,80.817,2.33,1.58
01.05.2012 01:05:59.590,80.833,80.817,2.33,1.58
01.05.2012 01:06:00.054,80.833,80.821,2.33,1.50
01.05.2012 01:06:00.187,80.839,80.822,1.50,1.58
01.05.2012 01:06:00.376,80.840,80.822,2.33,2.33
01.05.2012 01:06:00.508,80.835,80.819,1.58,2.33
01.05.2012 01:06:00.636,80.835,80.819,1.58,3.08
01.05.2012 01:06:00.707,80.835,80.821,1.58,1.50
01.05.2012 01:06:00.776,80.839,80.821,2.33,3.08
01.05.2012 01:06:01.545,80.839,80.821,2.33,2.33
01.05.2012 01:06:01.794,80.839,80.821,2.33,3.08
01.05.2012 01:06:05.687,80.839,80.821,2.33,2.33
01.05.2012 01:06:05.756,80.839,80.821,3.08,1.58
01.05.2012 01:06:05.886,80.836,80.818,2.33,2.33
01.05.2012 01:06:06.254,80.836,80.818,2.33,2.33
01.05.2012 01:06:06.447,80.840,80.822,1.58,2.10
01.05.2012 01:06:06.517,80.842,80.828,2.25,1.58
01.05.2012 01:06:06.826,80.841,80.825,2.33,1.50
01.05.2012 01:06:07.334,80.843,80.827,2.33,1.58
01.05.2012 01:06:10.154,80.843,80.827,2.33,2.33
01.05.2012 01:06:14.225,80.843,80.827,1.58,2.33
01.05.2012 01:06:16.968,80.843,80.827,1.58,3.83
01.05.2012 01:06:17.160,80.847,80.829,2.33,3.08
01.05.2012 01:06:17.346,80.849,80.833,2.33,1.58
01.05.2012 01:06:17.656,80.851,80.835,1.50,1.58
01.05.2012 01:06:17.786,80.851,80.835,1.50,1.58
01.05.2012 01:06:18.594,80.853,80.835,2.33,2.33
01.05.2012 01:06:19.095,80.853,80.835,2.33,2.33
01.05.2012 01:06:19.165,80.853,80.837,2.33,1.50
01.05.2012 01:06:19.476,80.859,80.845,1.50,1.58
01.05.2012 01:06:19.818,80.863,80.845,1.50,1.58
01.05.2012 01:06:19.887,80.861,80.842,2.33,2.33
01.05.2012 01:06:23.524,80.861,80.842,2.33,2.33
01.05.2012 01:06:23.595,80.861,80.845,2.33,1.50
01.05.2012 01:06:23.796,80.861,80.847,1.58,1.50
01.05.2012 01:06:23.985,80.868,80.852,3.08,1.58
01.05.2012 01:06:24.695,80.866,80.852,1.50,1.58
01.05.2012 01:06:25.024,80.866,80.848,3.08,1.58
01.05.2012 01:06:25.108,80.865,80.848,1.50,1.58
01.05.2012 01:06:26.523,80.863,80.845,2.33,1.58
01.05.2012 01:06:28.935,80.863,80.845,2.33,1.58
01.05.2012 01:06:29.304,80.858,80.842,2.33,2.33
01.05.2012 01:06:32.495,80.861,80.845,2.33,1.58
01.05.2012 01:06:33.794,80.859,80.845,1.50,1.58
01.05.2012 01:06:33.986,80.859,80.842,3.08,1.58
01.05.2012 01:06:34.515,80.859,80.842,2.33,1.58
01.05.2012 01:06:36.185,80.859,80.842,2.33,1.58
01.05.2012 01:06:37.513,80.859,80.842,2.33,1.58
01.05.2012 01:06:38.125,80.859,80.842,2.33,1.58
01.05.2012 01:06:41.786,80.856,80.840,2.33,1.58
01.05.2012 01:06:42.334,80.856,80.840,3.08,1.58
01.05.2012 01:06:42.464,80.853,80.835,2.33,2.33
01.05.2012 01:06:43.256,80.853,80.835,2.33,2.33
01.05.2012 01:06:43.804,80.853,80.835,1.58,2.33
01.05.2012 01:06:44.950,80.853,80.835,1.58,2.33
01.05.2012 01:06:46.056,80.858,80.842,3.08,1.58
01.05.2012 01:06:46.304,80.855,80.839,2.33,1.58
01.05.2012 01:06:46.565,80.853,80.835,2.33,2.33
01.05.2012 01:06:46.754,80.853,80.835,2.33,2.33
01.05.2012 01:06:47.276,80.853,80.835,2.33,2.33
01.05.2012 01:06:48.295,80.853,80.835,2.33,2.33
01.05.2012 01:06:48.845,80.853,80.835,3.08,2.33
01.05.2012 01:06:49.446,80.853,80.835,3.08,3.08
01.05.2012 01:06:49.754,80.849,80.833,1.58,3.08
01.05.2012 01:06:51.686,80.849,80.833,2.33,2.33
01.05.2012 01:06:53.194,80.849,80.833,2.33,1.58
01.05.2012 01:06:58.766,80.849,80.833,2.33,1.58
01.05.2012 01:06:59.868,80.847,80.830,2.33,2.33
01.05.2012 01:07:00.415,80.847,80.830,2.33,1.58
01.05.2012 01:07:00.944,80.847,80.830,3.08,1.58
01.05.2012 01:07:01.904,80.844,80.828,2.33,2.33
01.05.2012 01:07:03.218,80.844,80.828,2.33,1.58
01.05.2012 01:07:03.752,80.844,80.828,2.33,1.58
01.05.2012 01:07:05.057,80.841,80.825,2.33,2.33
01.05.2012 01:07:05.565,80.841,80.825,2.33,2.33
01.05.2012 01:07:05.935,80.841,80.825,2.33,2.33
01.05.2012 01:07:08.327,80.841,80.825,2.33,1.58
01.05.2012 01:07:08.399,80.844,80.828,3.08,1.58
01.05.2012 01:07:08.466,80.844,80.828,3.08,1.58
01.05.2012 01:07:09.053,80.844,80.828,2.33,1.58
01.05.2012 01:07:11.414,80.844,80.828,2.33,3.08
01.05.2012 01:07:14.541,80.844,80.828,1.58,3.83
01.05.2012 01:07:16.786,80.846,80.833,1.50,1.58
01.05.2012 01:07:17.098,80.852,80.835,1.35,1.58
01.05.2012 01:07:17.164,80.852,80.835,1.35,1.58
01.05.2012 01:07:19.418,80.853,80.835,1.58,2.33
01.05.2012 01:07:19.545,80.854,80.839,1.50,1.58
01.05.2012 01:07:20.045,80.853,80.835,2.33,1.50
01.05.2012 01:07:22.314,80.853,80.835,1.58,1.50
01.05.2012 01:07:22.892,80.853,80.836,1.58,1.50
01.05.2012 01:07:23.137,80.855,80.838,2.33,1.58
01.05.2012 01:07:23.386,80.853,80.835,2.33,2.33
01.05.2012 01:07:23.901,80.853,80.835,1.58,2.33
01.05.2012 01:07:26.086,80.853,80.835,1.58,2.33
01.05.2012 01:07:26.398,80.859,80.841,3.08,1.58
01.05.2012 01:07:26.464,80.859,80.841,2.33,1.58
01.05.2012 01:07:26.596,80.856,80.839,1.58,2.25
01.05.2012 01:07:27.384,80.856,80.839,1.58,1.50
01.05.2012 01:07:27.998,80.856,80.839,1.58,1.50
01.05.2012 01:07:35.536,80.856,80.838,2.33,3.83
01.05.2012 01:07:36.096,80.853,80.838,1.58,1.50
01.05.2012 01:07:38.296,80.855,80.838,1.58,3.08
01.05.2012 01:07:38.796,80.852,80.838,1.58,1.50
01.05.2012 01:07:40.297,80.852,80.837,1.58,1.35
01.05.2012 01:07:40.610,80.852,80.836,1.58,3.08
01.05.2012 01:07:40.978,80.847,80.832,1.58,1.35
01.05.2012 01:07:41.864,80.849,80.832,1.58,2.33
01.05.2012 01:07:42.925,80.849,80.832,1.58,1.58
01.05.2012 01:07:43.306,80.849,80.832,1.58,2.33
01.05.2012 01:07:45.025,80.849,80.832,1.58,2.33
01.05.2012 01:07:50.076,80.846,80.829,1.58,3.08
